4762 6016
188 383 249 450 175
716 379 861 449 nrlsn.
883 381 1028 448 PAULI
1050 380 1115 447 AD
1137 378 1613 450 nnnSSAmlethlts
1635 381 1653 449 1
2122 383 2189 449 176

186 579 249 661 die,
278 578 343 642 imo
365 575 504 677 singulis
534 574 707 641 momentis
729 596 841 658 pacem
863 584 1009 642 nostram
1032 575 1157 658 inquie-
1209 581 1404 659 apertcsque
1429 583 1535 642 tenet:
1563 575 1642 658 quia
1663 583 1772 642 umen
1799 594 1929 661 semper
1955 576 1997 642 ad
2025 576 2186 645 desidiam

185 674 256 730 tare
277 674 310 728 et
331 661 488 748 gaudum
523 672 675 728 excutere
697 661 789 727 nobis
811 668 960 744 possent:
987 660 1061 727 ideo
1082 680 1158 726 ocu·
1208 680 1285 727 uaro
1313 658 1461 742 inclinat,
1491 661 1759 729 exhortationum
1786 661 1929 729 stimulis
1960 680 2042 747 opus
2074 662 2185 730 habet

185 750 328 815 tinenter
350 768 408 814 noe
438 768 532 813 orare
554 746 652 813 iubet.
695 745 749 813 De
776 745 840 814 hac
867 754 977 813 autem
1005 745 1160 831 precandi
1210 745 1333 812 Verum
1355 744 1440 830 qnod
1463 745 1559 813 Pauli
1588 765 1668 814 roos
1690 744 1784 814 Deus
1805 747 1972 833 praecipit,
2002 746 2127 815 intnei
2150 771 2186 816 se

185 836 376 902 assiduitate
397 833 476 900 alibi
499 832 652 900 diximus.
691 831 884 900 Gratiarum
903 830 996 911 ectio,
1020 841 1058 899 ut
1080 831 1159 913 dixi,
1208 838 1364 916 praestat.
1408 831 1541 898 Interea
1561 841 1673 916 partes
1693 839 1825 900 nostrae
1845 843 1922 899 sunt
1944 840 2098 918 peteres

186 923 276 1003 quasi
315 929 609 1004 temperamentum
641 917 823 986 subiicitur.
866 916 967 983 Multi
994 918 1080 983 enim
1113 916 1160 985 sic
1210 916 1311 998 mino,
1333 927 1370 981 ut
1391 914 1535 1002 lampadi
1553 936 1708 986 aecem
1730 917 1839 985 oleum
1855 918 2052 1004 suppeditet,
2074 930 2190 988 servet

186 1015 291 1086 orant,
314 1015 352 1071 ut
376 1016 487 1071 tamen
507 1005 757 1073 obmurmurant
772 1002 843 1070 Deo
864 1022 902 1069 ac
923 1005 1074 1083 fremant,
1095 1003 1160 1069 nisi
1210 1021 1332 1086 pamm
1353 1000 1396 1067 ell
1419 1000 1565 1085 onnon
1587 1011 1685 1088 atque
1706 1003 1805 1071 stiam
1826 1014 2027 1087 promoveat

187 1093 335 1176 protinus
361 1091 561 1175 obsequatur
587 1109 701 1154 eorum
729 1088 825 1155 votis
870 1088 971 1172 Atqm
1001 1088 1161 1155 desideria
1296 1087 1349 1154 20.
1371 1023 1562 1172 floream
1582 1109 1621 1156 ste
1641 1089 1850 1156 mummia.
1890 1088 2087 1174 Opportune
2104 1090 2189 1159 baeu

186 1184 299 1242 nostra
326 1176 374 1241 eiu
395 1174 538 1241 fraenari
560 1174 726 1254 convenit,
755 1181 792 1239 ut
820 1175 965 1242 contenti
997 1195 1044 1254 eo,
1073 1172 1159 1259 quod
1210 1174 1373 1242 sententie
1395 1174 1488 1239 alteri
1512 1174 1731 1242 subnectitur:
1760 1194 1836 1240 nam
1857 1195 1961 1258 quum
1989 1196 2048 1260 per
2069 1174 2187 1244 doctri

188 1262 295 1340 datur‚
317 1261 497 1346 maurum
519 1260 680 1329 actionem
702 1278 832 1342 semper
848 1260 1043 1326 misceamus
1065 1260 1159 1326 votis.
1211 1279 1288 1325 nam
1317 1260 1453 1339 spiritus
1474 1259 1537 1326 Dei
1570 1260 1664 1327 nobie
1685 1261 1828 1329 maxime
1856 1259 2003 1328 illuceat:
2030 1262 2088 1346 qui
2115 1261 2189 1329 doo-

188 1347 307 1413 Petere
327 1345 459 1430 quidem
481 1346 565 1426 licet,
586 1365 718 1431 gemere
739 1345 890 1411 etiamst
911 1346 1082 1429 conqueri:
1104 1343 1161 1411 sed
1212 1345 1319 1411 trinae
1340 1343 1446 1412 locum
1462 1355 1594 1430 negant,
1616 1353 1778 1430 quantum
1793 1349 1828 1413 in
1843 1367 1879 1413 sa
1893 1357 1951 1426 est,
1970 1348 2190 1433 exstinguunt

188 1433 235 1498 ita
257 1443 294 1499 ut
315 1432 409 1497 nobis
439 1432 544 1516 magis
576 1429 764 1497 adlubescet
787 1431 849 1496 Dei
877 1431 1032 1496 voluntas
1063 1448 1162 1514 qnam
1212 1430 1379 1516 spiritum:
1408 1450 1537 1515 semper
1557 1431 1647 1498 enim
1672 1431 1944 1499 considerandum
1989 1432 2107 1500 naliter
2130 1439 2190 1500 aut

186 1526 308 1587 nostra.
710 1563 716 1569 -
1212 1513 1332 1601 quibus
1363 1514 1479 1583 mediis
1512 1536 1548 1583 ss
1580 1517 1673 1584 nobis
1704 1518 1945 1586 communicare
2008 1539 2065 1584 eus
2097 1518 2188 1586 velit.

276 1604 326 1670 18.
349 1599 438 1669 Haec
457 1602 540 1668 endu
556 1601 622 1669 Dei
642 1600 793 1670 mhtntoa.
837 1602 964 1687 Nempe
982 1609 1020 1668 nt
1040 1601 1163 1686 gratim
1214 1601 1305 1686 Ergo
1326 1600 1512 1686 quicunque
1534 1601 1596 1668 sub
1618 1603 1807 1689 magisterio
1828 1603 1963 1688 spiritus
1987 1603 2094 1670 uncti
2115 1625 2190 1688 pro-

188 1709 335 1776 munus,
364 1687 545 1756 secundum
575 1686 801 1786 chrysostomi
815 1688 1037 1754 mutantium.
1089 1686 1163 1770 ligo
1213 1688 1310 1754 ficere
1332 1688 1430 1771 cupit.
1461 1688 1694 1772 prophetarum
1716 1709 1752 1754 se
1773 1688 1956 1757 ministeriu
1980 1687 2090 1758 doceri
2120 1710 2191 1758 sus

188 1778 369 1863 pleniorem
406 1793 538 1840 aeneum
567 1775 727 1840 contineri
757 1783 835 1858 puto
864 1774 924 1839 sub
953 1771 1006 1839 his
1034 1772 1163 1839 verbis:
1215 1773 1327 1840 tinent.
1373 1772 1548 1839 Caeterum
1574 1773 1765 1858 prophetiae
1794 1774 1924 1841 nomine
1952 1795 2019 1842 non
2040 1774 2189 1860 intelligo

189 1863 277 1947 quod
299 1860 375 1926 talis
396 1861 440 1927 eit
461 1879 540 1944 erga
562 1879 622 1925 nus
643 1858 705 1924 Dei
731 1859 868 1927 affectus
896 1861 929 1925 in
951 1857 1093 1938 Christo,
1126 1863 1164 1922 nt
1215 1856 1414 1925 vaticinandi
1439 1858 1572 1940 donum,
1599 1859 1667 1937 sed,
1697 1858 1968 1942 quemadmodum
1999 1861 2117 1945 prioris
2146 1861 2188 1928 ad

189 1951 224 2013 in
247 1947 478 2013 afflictionibus
499 1965 626 2027 quoque
646 1945 773 2030 largam
795 1946 974 2012 habeamus
993 1943 1162 2010 materiam
1215 1943 1599 2029 Corinthiosoap.14,3,
1624 1945 1792 2010 scientiam
1807 1945 2073 2029 interpretandae
2088 1946 2188 2031 scrip

189 2033 314 2117 gratias
336 2031 463 2115 agendi.
501 2030 590 2112 Quid
608 2032 695 2095 enim
719 2031 760 2097 ad
775 2052 835 2097 nos
857 2029 1033 2113 placandos
1055 2027 1163 2112 aptius
1214 2039 1325 2094 turae:
1355 2038 1392 2093 ut
1414 2029 1572 2114 propheta
1594 2028 1639 2094 sit
1660 2027 1789 2097 divinae
1811 2031 1993 2098 voluntatis
2013 2033 2189 2116 interpres.

189 2126 246 2183 aut
274 2120 379 2201 magis
409 2117 608 2199 appositum,
643 2136 740 2198 quam
771 2117 848 2182 dum
878 2115 1027 2181 audimus
1054 2114 1163 2180 Deum
1214 2115 1301 2182 Nam
1333 2134 1372 2180 so
1404 2134 1500 2198 quem
1532 2115 1633 2182 uitari
1662 2115 1744 2200 locu,
1777 2116 1900 2184 Paulus
1933 2116 2115 2184 doctrinam
2148 2117 2190 2183 ad

188 2204 237 2271 sio
258 2224 326 2269 nos⁴
342 2204 376 2267 in
399 2202 532 2269 Christo
555 2201 736 2284 complecti,
759 2203 851 2266 utin
875 2203 993 2267 bonum
1018 2221 1055 2266 ac
1076 2201 1162 2266 salu·
1214 2199 1482 2283 aedificationem,
1504 2200 1766 2268 exhortationem
1784 2208 1818 2267 et
1838 2202 2093 2270 consolationem
2116 2224 2190 2287 pru·

192 2299 259 2354 tem
286 2296 394 2355 venat
423 2287 579 2370 quidquid
608 2287 701 2352 nobie
733 2285 873 2352 oceidit?
916 2286 1164 2352 Meminerimus
1215 2286 1323 2369 phetie
1345 2287 1475 2352 tribuit:
1506 2294 1540 2351 et
1565 2286 1625 2352 hae
1654 2288 1747 2370 quasi
1773 2296 1883 2370 partes
1910 2298 2091 2356 enumerat.
2138 2286 2190 2356 Sit

190 2395 278 2459 ergo,
313 2373 375 2439 hoc
402 2372 569 2456 singulare
598 2392 669 2438 sese
698 2371 910 2457 corrigendae
943 2372 1165 2455 impatientiae
1215 2392 1294 2455 ergo
1316 2372 1485 2454 prophetia
1507 2373 1542 2437 in
1575 2372 1727 2440 hocloco
1757 2375 1939 2457 scripturae
1960 2374 2187 2459 interpretatio

192 2460 382 2537 remedium,
415 2459 456 2524 ab
478 2458 600 2523 intuitu
623 2458 846 2541 praesentium
878 2456 1048 2540 malorum,
1082 2477 1164 2539 quae
1215 2458 1251 2522 in
1285 2479 1379 2523 usum
1412 2467 1616 2540 praesentem
1649 2460 1900 2526 accommodata.
1956 2460 2039 2525 llam
2075 2459 2187 2544 sperni

192 2567 254 2613 nos
274 2545 435 2628 cruciant,
461 2542 574 2610 oculos
596 2544 717 2609 referre
739 2545 772 2609 in
797 2544 958 2610 diversam
981 2543 1164 2609 considera·
1218 2553 1307 2610 vetat
1325 2543 1458 2626 Paulus,
1480 2545 1543 2610 nisi
1562 2553 1678 2628 sponte
1699 2545 1966 2611 velimueerrere
1983 2546 2185 2630 intenebris.

194 2634 328 2708 tionem,
343 2630 484 2712 qualiter
498 2649 576 2715 erga
591 2651 650 2695 nos
665 2628 800 2696 affectus
814 2630 958 2696 aitDaua
973 2629 1162 2695 inchristo.
1217 2629 1280 2696 liet
1307 2641 1416 2695 autem
1446 2631 1585 2715 insignis
1618 2632 1782 2696 sententia
1808 2631 1848 2696 ad
1878 2640 2033 2697 externae
2058 2633 2186 2714 praedi·

281 2716 332 2783 19.
359 2715 516 2798 Spiritum
537 2735 575 2782 ne
596 2716 812 2801 eueliapuuts'e.
857 2715 949 2782 Haec
972 2714 1165 2799 metaphora
1217 2715 1354 2781 cationis
1383 2715 1707 2783 commendationem.
1761 2715 1935 2783 Somniant
1968 2717 2100 2784 fanatici
2127 2716 2186 2783 ho·

195 2800 292 2867 ducta
313 2810 365 2867 eet
385 2822 406 2866 a
428 2802 461 2868 vi
483 2810 517 2866 et
539 2811 655 2867 natura
683 2802 835 2885 spiritus:
866 2822 942 2866 nam
970 2820 1069 2883 quum
1092 2820 1164 2884 pro-
1218 2801 1333 2879 mines,
1361 2821 1479 2883 pueros
1508 2822 1578 2867 esse
1609 2801 1663 2885 qui
1690 2802 1725 2866 in
1755 2803 1936 2886 scripturae
1966 2803 2106 2869 lectione
2135 2804 2187 2870 vel

193 2885 1166 3057 :electili..⁰3⁶3:iiiiiiethelsie:
1217 2886 2187 3058 :tiltltlt‘ttttttthutiletttthttl:

195 3059 365 3144 stinguere
387 3058 466 3124 dum
488 3059 558 3125 eius
580 3059 718 3143 gratiam
742 3059 959 3125 exinanimus.
1004 3057 1093 3124 Sunt
1109 3057 1165 3140 qui
1217 3057 1446 3135 ministerium,
1474 3061 1620 3142 adeoque
1647 3060 1841 3141 scripturam
1868 3059 1974 3143 ipsam
1996 3059 2186 3145 despiciunt,

194 3152 313 3228 putant
336 3144 424 3211 idem
452 3144 515 3211 dici
542 3143 604 3210 hoc
630 3149 664 3210 et
692 3144 840 3227 proximo
868 3146 1022 3211 membro.
1076 3143 1166 3228 Ergo
1217 3154 1255 3209 ut
1290 3143 1441 3227 spiritum
1479 3153 1701 3228 assequantur.
1761 3143 1888 3211 Deinde
1925 3155 2087 3229 quotquot
2124 3146 2186 3213 illis

196 3229 376 3298 secundum
399 3249 464 3309 eos,
494 3231 645 3313 spiritum
668 3230 777 3295 exstin
823 3249 877 3297 ere
899 3229 983 3298 nihil
1005 3228 1093 3295 aliud
1115 3238 1167 3296 est
1218 3229 1334 3296 deliria
1366 3229 1486 3313 ingerit
1520 3228 1641 3307 Satan,
1675 3251 1733 3314 pro
1766 3231 1895 3298 arcanis
1928 3232 2064 3315 spiritus
2097 3252 2186 3299 rave

196 3336 295 3401 quam
318 3327 524 3382 contemnere
545 3316 742 3400 prophetias.
777 3250 907 3382 verum
930 3317 1006 3399 quia
1027 3314 1167 3380 diversis
1216 3314 1395 3382 lenonibus
1427 3315 1567 3382 fastuose
1600 3315 1779 3383 venditant.
1843 3317 1940 3384 'Pales
1975 3327 2055 3383 snut
2092 3316 2187 3385 liber-

195 3402 302 3468 mudis
324 3403 546 3487 exstinguitur
573 3403 717 3486 spiritus,
750 3401 831 3467 haee
857 3401 922 3467 duo
950 3402 1037 3469 inter
1064 3420 1100 3467 so
1121 3398 1168 3465 di·
1218 3401 1279 3466 tini
1301 3409 1335 3466 et
1356 3399 1477 3469 similes
1498 3400 1610 3465 iuriae.
1647 3401 1694 3466 Et
1715 3421 1777 3483 qno
1800 3402 1938 3486 quisque
1959 3402 2130 3484 indoctior,
2151 3422 2188 3471 eo

195 3488 338 3572 stinguo,
361 3499 516 3571 tanquam
538 3509 642 3573 genus
664 3496 697 3553 et
719 3488 867 3571 speciem.
911 3487 1056 3553 Tametsi
1078 3486 1165 3552 enim
1218 3486 1342 3551 maiore
1363 3486 1551 3569 arrogantia
1579 3485 1712 3552 inflatus
1741 3508 1779 3553 au
1807 3489 1968 3574 turgidus
2013 3488 2084 3554 Nos
2113 3507 2187 3554 vero

195 3582 400 3656 contemptus
422 3573 612 3658 prophetiae
632 3585 681 3638 est
704 3573 876 3640 exstinctio
897 3572 1040 3656 spiritns,
1073 3571 1167 3658 spiri·
1218 3571 1313 3638 Pauli
1339 3571 1489 3656 exemplo
1519 3570 1682 3639 dismmns
1708 3573 1861 3656 spiritum
1888 3594 1963 3641 oum
1985 3595 2065 3642 voce
2087 3573 2188 3642 homi·

194 3665 267 3725 tum
288 3667 397 3725 tamen
426 3659 472 3725 illi
495 3661 591 3726 etiam
621 3660 837 3743 exstinguunt
863 3659 929 3742 qui,
959 3678 1059 3743 quum
1112 3676 1164 3723 ro·
1218 3677 1297 3723 num
1312 3657 1517 3741 coniungere,
1539 3678 1621 3741 quae
1637 3656 1718 3724 nihil
1733 3669 1784 3726 est
1798 3680 1897 3743 quam
1910 3660 2000 3727 illius
2016 3680 2187 3746 organum.

195 3746 281 3812 iectu
314 3746 502 3827 quotidiano
531 3745 635 3830 magis
663 3765 701 3812 ac
730 3746 836 3830 magis
864 3763 1016 3810 accensus
1046 3763 1066 3808 a
1128 3763 1166 3809 eo
1302 3742 1354 3808 21.
1388 3740 1503 3809 Quoia
1526 3741 1662 3824 probola
1706 3743 1872 3826 Quoniam
1900 3765 1997 3830 saepe
2024 3744 2187 3812 temerarii

196 3830 355 3897 scintillas
383 3834 526 3897 excitare
554 3830 701 3912 debeant,
729 3851 787 3896 sua
813 3831 946 3914 ignavia
971 3831 1007 3895 in
1028 3828 1165 3895 nihilum
1219 3830 1368 3896 homines
1389 3841 1422 3894 et
1442 3829 1578 3914 spiritus
1599 3829 1790 3914 impostores
1811 3851 1917 3915 nugae
1949 3851 2026 3897 suas
2048 3829 2186 3915 prophe·

196 3915 351 4001 redigunt
372 3916 458 3982 dona
476 3918 547 3982 Dei.
585 3917 702 4000 Itaque
723 3916 821 3982 latius
844 3925 933 4002 patet
955 3916 1035 3982 haec
1055 3914 1166 3980 admo·
1218 3917 1283 3983 tiae
1298 3915 1393 3981 titulo
1408 3926 1613 3999 praetexunt,
1628 3926 1736 3998 posset
1751 3917 1812 3984 hac
1827 3918 1955 3984 ratione
1970 3916 2024 3984 vel
2037 3920 2190 4001 suspecte
2223 3926 2225 3930 ‘

197 4002 280 4068 nitio
310 4000 350 4067 ds
383 4022 448 4069 non
477 4001 717 4087 exstinguendo
739 4003 864 4085 spiritu,
892 4023 988 4086 quam
1018 4001 1167 4085 proxima
1219 4002 1272 4071 vel
1300 4001 1399 4068 etiam
1426 3999 1534 4068 odiosa
1562 4000 1652 4067 reddi
1678 4002 1862 4085 prophetia.
1906 4001 2187 4085 Quemadmodum

197 4086 239 4154 de
261 4108 326 4153 non
355 4089 545 4172 spernendis
568 4089 755 4172 prophetiis.
799 4087 924 4155 Sensus
952 4087 1070 4172 prioris
1100 4099 1165 4154 eat:
1219 4087 1317 4154 hodie
1346 4086 1441 4154 multi
1469 4087 1638 4169 adipsum
1660 4087 1908 4169 praedicationis
1936 4107 2058 4154 nomen
2089 4107 2189 4173 prope

153 4211 156 4220 ·
198 4175 278 4240 estis
309 4173 425 4257 spiritu
457 4173 520 4240 Dei
549 4173 739 4239 illuminati:
771 4173 877 4240 videte
909 4194 951 4239 ue
979 4186 1090 4239 vestra
1117 4176 1165 4237 in·
1220 4174 1350 4239 modum
1380 4186 1549 4252 nauseant,
1577 4173 1654 4256 quia
1682 4183 1750 4241 tam
1778 4172 1873 4239 multi
1901 4184 1979 4239 sunt
2007 4174 2125 4240 insulsi
2152 4193 2189 4241 ao

197 4259 399 4342 gratitudine
421 4259 478 4325 lux
506 4258 569 4325 ista
592 4261 683 4326 vobis
704 4266 825 4344 pereat.
870 4259 978 4325 Valde
998 4259 1088 4325 utilis
1110 4259 1167 4324 ad·
1219 4259 1374 4342 imperiti,
1396 4260 1454 4342 qui
1471 4280 1529 4324 sus
1545 4258 1639 4323 nihili
1658 4268 1841 4325 commenta
1859 4279 1918 4342 pro
1935 4268 2094 4343 suggestu
2111 4259 2189 4325 affu-

197 4344 350 4412 monitio:
372 4365 447 4410 nam
470 4365 525 4411 eos
548 4346 602 4444 qui
624 4345 726 4411 semel
747 4345 922 4445 illuminati
945 4345 1083 4419 lucrant,
1112 4342 1167 4443 abi
1220 4345 1322 4410 tiunt:
1348 4345 1402 4443 alii
1425 4343 1524 4409 etiam
1545 4344 1634 4428 impii
1657 4363 1695 4409 ac
1717 4344 1875 4444 sacrilegi,
1897 4345 1954 4444 qui
1973 4345 2189 4443 exsecrandas

197 4440 359 4584 titt:
368 4440 471 4602 oili
485 4429 775 4584 dilituit.
792 4430 1168 4596 debilitet
1220 4428 2188 4601 hillidio?liiiiollihffiliil³2nssff

197 4600 353 4669 caecitate
378 4605 504 4687 percuti
531 4603 704 4687 cernimus,
734 4614 770 4668 ut
796 4605 863 4668 sint
890 4602 964 4669 aliie
993 4603 1029 4667 in
1057 4621 1167 4668 exem·
1220 4611 1275 4665 tur
1299 4599 1480 4684 prophetis,
1504 4602 1571 4668 imo
1598 4602 1652 4667 vix
1672 4599 1780 4664 locum
1796 4609 1938 4669 teneret:
1961 4600 2085 4667 Paulus
2099 4601 2188 4668 iubet

197 4686 300 4786 plum.
334 4688 528 4756 Oavsndum
550 4690 690 4775 igitura
711 4687 866 4768 socordia,
888 4709 955 4840 effi:
970 4686 1033 4752 Dei
1056 4687 1168 4755 lumen
1219 4685 1525 4754 Thessalonicenses
1540 4684 1677 4769 probare
1694 4685 1820 4752 omnia:
1842 4686 2040 4772 significans,
2062 4687 2188 4755 etiamsi

198 4792 235 4838 tn
257 4773 351 4839 nobis
380 4775 569 4843 suffocatur.
612 4776 785 4843 anterum
814 4776 869 4857 qni
956 4771 1167 4857 ccolliguut,
1220 4792 1285 4838 nou
1306 4792 1419 4839 omnes
1441 4779 1555 4842 exacte
1575 4770 1752 4854 loquantur
1771 4771 1811 4836 ad
1830 4771 2012 4840 absolutam
2030 4771 2187 4859 regulam,

198 4858 234 4923 in
256 4857 398 4926 hominis
419 4860 555 4928 arbitrio
577 4882 647 4929 esee
668 4860 722 4926 vel
742 4861 959 4945 exstinguere,
982 4858 1034 4924 rel
1058 4857 1169 4924 lovers
1220 4860 1310 4941 prius
1339 4867 1449 4925 tamen
1471 4853 1676 4925 indicandum
1697 4875 1769 4921 esse
1796 4877 1895 4941 quam
1927 4858 2102 4926 damnetur
2122 4857 2189 4926 ulla

198 4943 306 5011 lucem
339 4944 497 5025 oblatam,
539 4958 575 5012 ut
611 4947 736 5032 gratim
768 4944 944 5013 efficaciam
977 4948 1168 5026 extenuent,
1220 4943 1364 5010 doctrina
1386 4944 1437 5009 vel
1460 4962 1513 5009 res
1537 4945 1645 5008 natur.
1687 4941 1845 5009 Biiariam
1866 4943 1920 5012 hic
1943 4945 2067 5028 paconi
2088 4943 2187 5013 solet:

197 5047 237 5097 ao
265 5030 435 5098 audaces
468 5032 627 5098 extollant
656 5031 749 5099 liberi
778 5031 921 5098 arbitrii:
957 5029 1043 5094 male
1071 5027 1168 5093 ratio-
1220 5050 1296 5095 nam
1318 5028 1383 5108 alii,
1412 5030 1489 5112 quia
1510 4964 1592 5095 lalsc
1615 5028 1756 5094 nominis
1779 5030 1842 5095 Dei
1863 5040 2034 5114 praetextu
2060 5029 2114 5096 vel
2134 5030 2187 5097 de·

197 5115 361 5182 ninantur.
404 5116 610 5201 Quamquam
632 5119 719 5184 enim
746 5117 921 5184 efficaciter
942 5117 977 5180 in
999 5114 1065 5181 suis
1087 5111 1167 5179 eleo
1219 5116 1305 5215 cepti
1330 5122 1419 5195 suut,
1446 5114 1501 5179 vel
1530 5113 1637 5178 sciunt
1657 5113 1757 5198 vulgo
1778 5114 1949 5199 plerosque
1970 5116 2085 5200 decipi,
2113 5135 2188 5200 pro·
2219 5130 2223 5144 ·

199 5199 243 5268 tie
263 5209 416 5288 operatur
437 5203 539 5282 Dens,
568 5223 674 5286 neque
696 5215 824 5269 mutum
846 5201 951 5268 locem
972 5199 1039 5266 illis
1057 5198 1168 5266 admo·
1219 5220 1341 5269 miscuo
1373 5198 1524 5266 reiiuiunt
1558 5200 1737 5280 quamlibet
1770 5200 1966 5266 doctrinam:
1999 5199 2055 5266 alii
2087 5199 2190 5269 stulta

200 5295 269 5371 vet,
298 5287 355 5357 sed
377 5289 457 5360 facit
482 5298 521 5356 ut
541 5289 682 5370 videant,
712 5287 821 5354 oculos
850 5286 956 5354 cordis
978 5285 1044 5353 illis
1064 5285 1170 5372 aperit
1220 5285 1414 5353 credulitate
1447 5282 1603 5367 quidquid
1635 5283 1700 5352 Dei
1733 5285 1863 5352 nomine
1894 5286 2098 5370 propositum
2131 5295 2190 5365 est,
