4762 6016
187 372 247 438 321
1070 375 1222 444 CAPUT
1244 375 1305 444 VI.
1705 382 1709 391 '
2128 385 2194 455 322

186 568 376 633 confirmat:
400 563 476 646 quia
498 582 603 645 aequo
625 563 732 627 animo
749 564 969 646 exspectanda
983 577 1033 630 est
1047 586 1162 647 oppor·
1298 566 1350 632 25.
1375 565 1531 634 Similiter
1552 575 1579 635 ct
1599 571 1689 637 douo.
1734 574 1915 658 Significat,
1939 578 2104 641 interdum
2128 581 2194 661 pie·

186 652 321 728 tunitas,
352 668 449 733 quam
481 649 571 714 Deus
599 667 659 732 pro
688 666 747 713 sua
776 648 937 731 sapientia
966 651 1163 732 praestituit.
1214 659 1315 717 tatem
1343 661 1377 718 et
1405 654 1486 720 alias
1508 655 1648 722 virtutes
1675 666 1803 725 mature
1824 680 1861 726 ac
1882 661 2077 744 tempestive
2099 683 2193 732 auam

186 738 273 803 Mire
295 736 392 802 etiam
416 731 533 818 probos
550 740 583 799 et
600 741 730 801 sauctus
748 742 894 815 pastores
911 743 1042 818 torquet
1059 734 1163 801 altera
1213 736 1343 803 laudam
1364 739 1452 822 apud
1471 739 1619 808 homines
1637 742 1766 824 habere,
1788 753 1825 811 ut
1842 747 1878 811 in
1895 747 1999 830 pretio
2020 749 2086 813 siut
2104 750 2191 819 boni.

186 822 376 906 indignitas,
397 819 485 904 qnod
513 820 566 886 ubi
590 839 719 886 summa
740 819 932 903 integritate
954 820 1062 886 officio
1088 842 1161 905 por·
1214 821 1362 903 Quodsi
1385 844 1477 890 sacua
1500 826 1635 910 accidat,
1658 849 1722 894 nou
1746 839 1856 896 tamen
1880 853 2052 916 passurum
2075 834 2192 901 Domi·

187 909 292 976 iuncti
314 919 401 989 sunt,
430 905 545 972 multis
566 905 687 987 iniquis
710 903 914 970 sermonibus
936 907 1163 991 perstringun-
1214 931 1294 974 num
1325 917 1363 975 ut
1385 919 1543 995 perpetuo
1565 914 1770 997 opprimatur
1790 918 1976 984 innocentia
1999 927 2032 983 et
2053 919 2191 1005 integri·

186 1007 257 1077 tur,
290 1003 469 1058 onerantur
500 991 674 1075 multiplici
708 991 846 1071 invidia,
879 991 993 1058 vident
1025 993 1098 1076 rapi
1126 994 1162 1057 in
1214 1002 1275 1059 tas.
1319 995 1426 1079 Saepe
1454 998 1540 1062 enim
1568 999 1749 1080 calumniis,
1777 1007 1933 1085 tauquam
1956 1005 2106 1084 nubibus,
2135 1007 2192 1072 ob·

187 1082 384 1149 contrariam
413 1088 538 1162 partem
568 1097 651 1160 quae
673 1075 801 1141 laudem
824 1077 1044 1144 merebantur.
1089 1078 1164 1144 Hao
1214 1088 1381 1146 souratur:
1411 1082 1468 1148 sed
1497 1083 1629 1149 tandem
1656 1086 1810 1169 impletur
1832 1088 1924 1167 illud,
1953 1088 2063 1156 Deum
2087 1092 2193 1158 lacere

188 1169 287 1234 etiam
320 1189 362 1232 ex
396 1172 489 1250 parte
522 1162 677 1229 subvenit
704 1162 840 1242 Paulus,
875 1182 975 1245 quum
1008 1165 1163 1229 admonet
1214 1176 1251 1230 ut
1272 1166 1434 1250 refulgeat
1455 1169 1559 1234 instar
1576 1190 1729 1237 aurorae:
1752 1193 1868 1238 uerum
1887 1173 1996 1240 animo
2014 1177 2193 1260 tranquillo

187 1253 396 1319 Timotheum
433 1248 626 1334 quibusdam
662 1246 756 1312 bonis
791 1250 944 1331 operibus
987 1249 1095 1316 lucem
1127 1250 1162 1314 in
1214 1271 1297 1337 opus
1327 1265 1376 1319 est
1404 1252 1445 1318 ad
1474 1254 1712 1322 sustinendum.
1757 1258 1918 1326 Homines
1948 1261 2035 1326 enim
2063 1283 2191 1330 sumus:

187 1340 276 1406 aliud
298 1349 429 1420 tempus
449 1335 621 1402 reservari.
657 1333 774 1417 Itaque
795 1336 823 1399 si
845 1333 917 1400 laus
939 1355 1052 1401 corum
1071 1335 1163 1419 quasi
1214 1338 1326 1421 itaque
1343 1359 1472 1422 semper
1487 1340 1664 1407 videndum
1682 1362 1778 1425 quem
1796 1345 1929 1411 modum
1945 1345 2065 1412 habeat
2080 1354 2193 1414 nostra

187 1426 249 1491 sub
279 1433 401 1490 terram
427 1421 612 1488 defodiatur
641 1419 810 1516 hominum
842 1421 1095 1503 ingratitudine,
1129 1420 1162 1486 id
1214 1424 1367 1508 cognitio,
1396 1445 1438 1489 ne
1463 1425 1549 1491 ultra
1572 1429 1834 1512 progrediamur:
1864 1452 1941 1495 uam
1965 1432 1997 1497 id
2020 1442 2107 1500 esset
2129 1433 2192 1500 Dei

187 1530 316 1594 quoqne
344 1508 472 1593 placido
494 1507 604 1572 animo
625 1525 696 1570 esso
717 1506 957 1584 sustinendum,
988 1505 1090 1573 donec
1112 1526 1162 1572 re·
1215 1509 1358 1576 officium
1381 1509 1475 1578 nobis
1497 1532 1659 1598 arrogare.

187 1595 359 1661 velationis
393 1605 522 1675 tempus
555 1591 717 1657 adveniat.
769 1588 977 1674 Quamquam
1009 1614 1076 1658 uun
1109 1592 1163 1657 his

187 1683 291 1748 solum
314 1680 409 1746 malis
430 1678 596 1743 medetur:
618 1674 675 1742 sod
697 1675 777 1758 quia
798 1695 857 1740 nos
880 1696 976 1761 saepe
998 1677 1066 1743 falli
1089 1699 1164 1745 oon·

186 1769 286 1852 tingit
311 1769 345 1831 in
369 1763 527 1848 eligendis
549 1762 717 1839 ministris,
747 1760 826 1825 dum
848 1783 883 1829 se
906 1762 1033 1848 indigni
1056 1772 1163 1829 astute
1567 1730 1752 1811 CAPUT
1776 1731 1847 1811 VI·

188 1855 368 1929 insinuant,
403 1850 480 1916 boni
514 1853 624 1913 autem
656 1847 751 1913 uobis
784 1857 862 1912 sunt
888 1848 1010 1934 ignoti:
1044 1848 1163 1915 deinde

187 1938 401 2004 etiamsinon
420 1955 567 2001 erremus
589 1933 650 2016 ipsi
673 1932 855 2012 iudicando,
878 1946 1071 2001 nontamen
1091 1935 1163 2000 aliis

187 2025 324 2109 probare
345 2022 501 2089 iudicium
520 2031 669 2086 nostrum
688 2039 878 2102 possumus:
902 2019 958 2085 sed
976 2023 1031 2104 qui
1049 2020 1163 2104 optimi

187 2117 273 2188 sunt,
285 2108 507 2192 repudiantur,
521 2107 616 2173 nobis
627 2105 949 2173 contranitentibus:
961 2105 1039 2173 mali
1055 2120 1162 2173 autem

187 2195 240 2262 vel
262 2196 433 2279 obrepunt,
456 2194 510 2261 uel
528 2215 563 2260 se
581 2191 775 2258 obtrudunt:
797 2193 868 2257 fieri
885 2213 951 2259 non
966 2202 1072 2276 potest
1085 2193 1163 2275 quin

1302 1896 1330 1960 1.
1358 1896 1537 1978 Quicunque
1565 1898 1624 1963 sub
1649 1899 1724 1982 iupo
1744 1904 1816 1966 suut
1837 1903 1928 1983 seui,
1957 1924 2032 1970 auca
2052 1905 2194 1972 dominos

1215 1981 1301 2046 omui
1328 1981 1442 2047 mucre
1465 1984 1577 2066 dipuoa
1602 1986 1792 2050 existiment.-
1821 1991 1856 2051 ut
1878 2009 1917 2053 ue
1943 1989 2007 2055 Dei
2027 2010 2137 2056 musea
2162 1997 2191 2058 et

1213 2067 1355 2134 doctriua
1383 2067 1617 2151 blasphemetur.
1669 2071 1700 2136 2.
1729 2072 1791 2153 Qui
1818 2078 1922 2138 autem
1948 2074 2056 2154 fiddcs
2080 2077 2191 2143 habetat

1213 2153 1363 2236 dominos,
1384 2174 1423 2219 ue
1439 2156 1614 2236 &spumat
1630 2177 1664 2222 eo
1681 2158 1763 2238 quod
1778 2157 1896 2239 fratres
1908 2166 1996 2224 aaut:
2015 2162 2070 2227 ced
2087 2164 2190 2246 macie

188 2302 247 2348 nos
277 2301 474 2365 magnopere
503 2285 604 2364 angat
630 2289 744 2344 nostra
771 2283 805 2344 et
834 2279 988 2346 ecelesiae
1013 2279 1162 2343 conditio.
1213 2238 1361 2337 ΨΜ
1390 2241 1473 2323 W
1492 2241 1600 2322 fidem
1621 2248 1649 2307 ‘ll
1669 2244 1780 2324 ‘lilim’
1807 2249 1838 2309 el
1857 2244 2069 2326 audactae
2083 2249 2190 2328 Wil-

187 2367 305 2450 Itaque
319 2368 444 2434 Paulus
466 2368 500 2433 in
523 2364 702 2431 offensione
721 2363 772 2432 vel
795 2364 950 2448 tollenda,
974 2364 1024 2430 rel
1047 2365 1160 2430 saltem
1213 2343 1298 2405 ΟΨ

188 2452 388 2520 sublevanda
410 2453 545 2519 laborat.
590 2451 680 2518 Haec
699 2451 799 2534 igitur
819 2471 943 2516 summa
964 2452 1014 2531 sit,
1033 2450 1164 2533 suenda
1299 2456 1460 2537 Apparet,
1497 2455 1590 2520 initio
1626 2456 1786 2540 evangelii
1822 2478 1947 2538 servos,
1985 2458 2075 2541 quasi
2114 2458 2189 2524 dato

188 2559 254 2606 esse
274 2561 354 2622 quoe
374 2541 481 2606 statim
502 2538 617 2621 mrripi
637 2541 800 2619 nequeunt,
819 2538 1001 2621 gemmulum
1019 2537 1073 2602 ubi
1089 2557 1164 2602 uou-
1215 2540 1484 2606 manumissionis
1499 2541 1603 2623 signo,
1618 2542 1744 2606 animos
1759 2543 1938 2608 sustulisse
1965 2544 2051 2608 Nam
2067 2546 2189 2626 passim

187 2625 263 2691 dum
293 2626 430 2692 renerio
459 2627 605 2692 idoneum
630 2629 676 2690 est
703 2628 833 2705 moue,
866 2623 981 2688 rumbis
1008 2643 1069 2688 uou
1097 2642 1164 2688 esce
1216 2625 1355 2691 multum
1378 2625 1503 2691 laborat
1521 2626 1645 2692 Paulus
1666 2628 1701 2690 iu
1723 2628 1900 2710 cupiditate
1922 2628 1979 2694 illa
2002 2629 2189 2696 fraenanda.

187 2713 253 2776 mm
281 2711 486 2778 adbibeadaru
512 2713 605 2777 douec
633 2711 680 2776 uel
700 2711 919 2789 maturuerint,
949 2710 996 2775 uel
1011 2710 1164 2793 patefacti
1216 2713 1260 2777 Et
1287 2731 1367 2776 sane
1395 2715 1464 2777 tam
1493 2710 1576 2776 dura
1600 2724 1671 2778 erat
1694 2714 1860 2780 servitutis
1881 2713 2033 2793 conditio,
2063 2723 2190 2781 utnon

188 2798 268 2861 aut:
294 2816 409 2863 turmas
437 2799 555 2878 quotics
582 2796 693 2861 airlicti
719 2815 781 2860 acu
807 2795 936 2861 habetur
956 2816 1035 2860 auus
1056 2795 1162 2876 iocor,
1215 2799 1335 2862 mirum
1364 2797 1408 2862 sit
1434 2796 1534 2863 luisse
1562 2797 1598 2861 in
1627 2798 1742 2880 primis
1764 2799 1919 2867 odiosam.
1964 2800 2069 2866 Porro
2092 2800 2191 2866 usita-

188 2883 427 2965 cuspectauolum
458 2903 525 2949 esee
555 2887 716 2948 maturum
742 2881 938 2946 revectante
964 2888 1094 2966 tempus,
1126 2904 1164 2950 ac
1215 2893 1286 2950 tum
1309 2892 1367 2962 eet,
1390 2883 1533 2965 arripere
1554 2881 1590 2947 in
1611 2884 1717 2949 earnis
1733 2893 1863 2951 nostrae
1877 2885 2081 2952 commodum
2097 2885 2190 2969 quid·

188 2968 380 3034 toleraudum
398 2988 465 3034 ecce
484 2969 595 3034 munuli
614 2974 782 3048 atuporeru,
804 2967 1077 3048 acquiescendum
1097 2991 1164 3036 esee
1214 2969 1293 3053 quid
1313 2969 1412 3035 habet
1434 2968 1602 3033 minimam
1624 2968 1773 3051 speciem.
1811 2971 1864 3037 Ita
1886 2992 1987 3055 quum
2005 2972 2190 3056 audiebant,

188 3054 226 3118 iu
245 3053 380 3120 tenebris
400 3054 494 3120 macc
513 3055 638 3119 illuceat
653 3053 729 3119 dies.
766 3053 871 3118 Venio
890 3073 978 3118 nunc
996 3055 1036 3119 ad
1052 3057 1161 3135 uerba,
1216 3076 1329 3121 omnes
1344 3075 1403 3119 nos
1418 3074 1489 3120 esse
1503 3055 1629 3134 fratres,
1649 3055 1797 3137 protinus
1811 3057 2005 3136 inferebant,
2019 3057 2190 3143 indiguum

189 3149 361 3222 postquam
399 3160 469 3206 rem
506 3139 648 3205 breviter
684 3138 873 3220 complexus
910 3160 993 3205 sum.
1053 3141 1163 3222 Quum
1215 3162 1285 3208 esse
1315 3149 1353 3204 ut
1380 3141 1519 3204 fratrum
1546 3150 1657 3207 essent
1684 3143 1856 3225 mancipia.
1901 3141 2027 3208 Verum
2048 3151 2085 3208 ut
2107 3142 2191 3208 nihil

188 3227 449 3308 dioitpeocata
465 3223 706 3308 quorundam
723 3223 921 3291 hominum
938 3237 1028 3292 ante
1043 3228 1162 3293 maui-
1215 3227 1281 3293 tale
1298 3226 1443 3291 venisset
1464 3225 1531 3291 illie
1552 3226 1587 3290 iu
1611 3237 1764 3306 mentem,
1787 3248 1915 3310 semper
1933 3238 2043 3293 tamen
2062 3229 2191 3295 miseris

187 3312 334 3378 testata
363 3332 461 3389 esse,
491 3309 648 3395 intelligit
676 3319 802 3375 mature
830 3313 985 3392 patefieri,
1015 3319 1050 3378 et
1071 3314 1165 3396 quasi
1215 3312 1405 3378 hominibus
1432 3313 1614 3378 necessaria
1635 3321 1687 3378 est
1707 3312 1895 3391 consolatio,
1927 3333 2010 3397 quae
2032 3320 2192 3398 temperet

188 3409 265 3462 ante
288 3409 417 3482 tempus
439 3397 569 3480 prodire
590 3396 627 3461 in
649 3396 801 3460 notitiam
823 3397 1003 3464 hominum.
1040 3399 1087 3464 Et
1104 3400 1165 3467 hoo
1217 3418 1447 3465 aerumnarum
1470 3397 1687 3464 acerbitatem.
1724 3396 1854 3464 Deinde
1876 3420 1942 3464 uon
1965 3401 2036 3466 sins
2055 3399 2193 3467 difficul-

187 3483 404 3550 similitudine
432 3484 595 3568 exprimit,
626 3483 718 3565 quasi
747 3482 908 3549 aurrando
937 3485 1094 3552 festinent
1123 3486 1164 3551 ad
1217 3493 1284 3550 tate
1317 3482 1435 3550 adduci
1468 3493 1622 3566 poterant
1649 3492 1687 3549 ut
1714 3482 1855 3549 libenter
1883 3492 1917 3550 et
1945 3485 2044 3551 alacri
2071 3487 2191 3564 animo,

187 3587 283 3632 sunm
305 3569 472 3635 iudicium.
512 3568 670 3635 Videmus
692 3569 780 3634 enim
800 3581 836 3634 nt
859 3571 953 3636 multi
971 3572 1164 3656 praecipites
1216 3579 1283 3635 tam
1313 3588 1429 3653 aspero
1455 3569 1532 3653 iugo
1563 3570 1760 3636 subiicerent
1788 3571 1940 3637 cervices.
1984 3571 2062 3638 Huc
2090 3573 2193 3658 igitur

186 3661 286 3717 ruant
302 3664 484 3737 sponteque
501 3663 668 3721 accersant
694 3655 756 3720 sibi
774 3654 1032 3722 damnationem:
1051 3659 1165 3724 etiam·
1217 3664 1342 3738 spectat
1364 3674 1517 3736 praeseus
1539 3655 1697 3722 doctrina.

187 3739 215 3804 si
244 3745 334 3804 totus
361 3739 504 3806 mundus
532 3739 642 3805 salvos
670 3742 792 3823 cupiat.
845 3742 970 3823 Quoties
998 3749 1102 3810 auum
1129 3743 1165 3809 id
1304 3740 1333 3808 1.
1361 3739 1542 3823 Quicunque
1568 3741 1626 3808 aab
1653 3743 1736 3826 iugo,
1758 3745 1809 3808 etc.
1854 3739 1942 3823 Quia
1970 3740 2033 3806 sibi
2056 3741 2193 3825 quisque

187 3823 310 3908 amidit,
331 3830 495 3892 ammai
513 3824 613 3905 uobis,
636 3844 752 3892 arccuo
766 3826 831 3892 Dei
846 3829 1066 3910 prmideutiae
1082 3833 1165 3895 motu
1216 3827 1452 3911 praestantiam
1480 3825 1563 3893 falsa
1590 3827 1742 3911 opinione
1772 3834 1913 3912 arrogat,
1944 3846 2041 3893 nemo
2066 3827 2193 3911 estqui

188 3911 341 3996 iadipm
361 3910 508 3993 reprolm
527 3916 564 3977 ut
582 3931 714 3994 masaa
734 3932 813 3978 auae
827 3915 1010 3993 protumut.
1217 3934 1320 3997 aequo
1338 3913 1447 3978 animo
1466 3913 1559 3991 ferat,
1581 3913 1661 3978 alios
1678 3912 1741 3978 sibi
1761 3913 1933 3995 imperare.
1967 3912 2034 3994 Qui
2048 3912 2194 3997 effugere

275 3997 318 4063 Iu
354 3996 542 4083 quibusdam
573 3995 815 4080 subsequantur.
874 3998 970 4078 Quod
1007 4000 1165 4066 Erasmus
1217 3998 1446 4065 necessitatem
1482 4006 1660 4080 nequeunt,
1696 4007 1811 4082 parent
1847 3997 1895 4062 illi
1932 3997 2064 4081 quidem
2097 3998 2193 4065 inviti

189 4083 300 4167 vertit,
330 4083 488 4168 quosdam
515 4081 768 4166 subsequuntur,
799 4104 866 4149 non
896 4085 1026 4168 recipio.
1070 4084 1165 4150 'Pam-
1217 4082 1456 4169 suparioribus:
1478 4083 1536 4149 sed
1553 4083 1644 4150 intus
1662 4085 1807 4150 tremunt
1824 4093 1857 4150 et
1874 4083 2103 4168 indignantur,
2121 4083 2198 4166 quia

190 4171 250 4234 etsi
266 4168 397 4236 videtur
419 4169 453 4235 id
476 4187 612 4255 graecae
626 4170 860 4235 constructioni
876 4172 981 4254 magis
995 4168 1165 4254 quadrare,
1218 4170 1278 4236 eibi
1301 4173 1421 4254 putant
1443 4169 1514 4234 fieri
1532 4167 1697 4236 iniuriam.
1735 4168 1862 4236 Omnes
1878 4167 2037 4236 eiusmodi
2054 4166 2199 4251 disputa·

190 4273 306 4319 seusus
335 4264 445 4322 tamen
475 4254 619 4340 postulat
644 4262 682 4320 ut
703 4254 918 4321 subaudiatur
939 4256 1100 4339 particula
1121 4256 1165 4324 ἐν.
1218 4256 1325 4322 tiones
1354 4274 1420 4320 uuo
1442 4253 1541 4322 verbo
1569 4255 1729 4338 praecidit
1750 4255 1926 4338 apostolus,
1955 4275 2056 4338 quum
2079 4252 2196 4319 volun·

191 4339 297 4406 Casus
330 4343 418 4406 enim
450 4342 587 4408 mutatio
618 4360 684 4406 non
718 4339 805 4407 tollit
836 4342 1026 4408 antithesin.
1079 4342 1166 4409 Nam
1219 4341 1337 4408 teriam
1359 4342 1590 4407 subiectionem
1611 4340 1714 4426 exigit
1736 4341 1776 4408 ab
1798 4341 1949 4407 omnibus
1968 4340 2023 4423 qui
2041 4340 2101 4406 sub
2119 4340 2196 4424 iugo

190 4425 288 4491 sicuti
315 4426 444 4493 dixerat
464 4424 672 4511 quorundam
695 4434 828 4510 paccata
848 4427 997 4495 celeriter
1018 4427 1060 4493 ad
1082 4428 1165 4495 iudi·
1218 4433 1305 4494 sunt.
1343 4424 1519 4511 Significat
1540 4426 1628 4492 anim
1651 4448 1717 4494 non
1740 4447 1811 4493 esso
1833 4425 2063 4510 inquirendum
2086 4425 2197 4493 sintne

188 4511 279 4578 cium
315 4536 412 4580 suum
434 4512 606 4580 festinare:
642 4513 691 4578 ita
721 4532 810 4578 nuno
842 4533 1043 4582 econverso
1066 4514 1165 4594 addit,
1219 4512 1311 4596 digni
1340 4511 1397 4577 tali
1428 4513 1559 4578 fortuna
1586 4532 1629 4578 an
1659 4512 1810 4580 meliore:
1843 4511 1921 4596 quia
1951 4510 2101 4598 sufficiat,
2133 4512 2198 4577 hac

190 4603 398 4684 quorundam
413 4599 480 4688 (vel
502 4599 652 4686 aliorum)
673 4598 801 4666 tardius
816 4600 931 4667 venire
952 4602 987 4666 in
1004 4601 1165 4667 notitiam.
1219 4597 1404 4664 conditione
1433 4618 1504 4665 esse
1533 4597 1718 4666 obstrictos.
1770 4598 1814 4663 Ει
1843 4618 1944 4682 quum
1973 4597 2132 4682 praecipit
2160 4606 2198 4663 ut

192 4685 259 4754 Sed
284 4687 355 4756 loco
375 4687 515 4773 genitivi
543 4683 834 4770 posuitdatirum,
863 4686 898 4751 in
931 4687 1013 4753 aliis.
1056 4685 1166 4771 Signi·
1219 4683 1364 4769 dignos
1403 4683 1554 4752 honore
1591 4685 1827 4752 existiment
1863 4682 2042 4750 dominos
2078 4681 2197 4768 quibus

190 4773 268 4838 fioot
289 4783 408 4855 autem,
430 4781 596 4855 utcunque
618 4771 742 4838 diutius
759 4791 856 4856 quam
874 4779 1024 4856 optemus
1040 4771 1167 4838 lateant
1218 4769 1380 4839 serviant:
1411 4790 1477 4836 non
1507 4769 1602 4837 modo
1631 4769 1730 4836 fidem
1758 4778 1792 4836 at
1817 4768 2023 4854 diligentiam
2045 4769 2081 4833 in
2103 4789 2198 4853 pras·

190 4858 395 4941 quorundam
423 4866 557 4943 peecata
584 4865 618 4924 ot
650 4857 745 4924 tardo
765 4859 972 4940 proterantur
993 4858 1029 4924 in
1051 4858 1166 4939 lucem,
1218 4855 1344 4925 standis
1372 4854 1536 4940 obsequiis
1561 4856 1716 4939 requiritt
1745 4854 1802 4924 sed
1824 4865 1862 4921 ut
1883 4876 1938 4922 eos
1960 4853 2143 4939 suspiciant
2164 4862 2198 4921 ιι

190 4964 257 5011 nou
289 4953 400 5011 ιιιιιιιι
433 4951 591 5030 perpetuo
623 4945 691 5011 foro
722 4943 858 5011 oooulta.
909 4944 994 5011 Nam
1028 4953 1062 5010 et
1093 4945 1167 5028 ipsa
1219 4950 1418 5010 venerentur
1454 4962 1495 5006 ex
1532 4942 1650 5018 animo,
1687 4949 1745 5008 tan
1768 4962 1843 5008 uam
1875 4942 1912 5007 in
1943 4940 2060 5008 altiore
2092 4939 2197 5024 gradu

191 5041 321 5115 tempus
340 5051 438 5097 suum
454 5029 631 5097 habebunt.
670 5029 760 5113 Quod
772 5030 804 5096 ai
817 5033 1036 5117 mmmmapis
1044 5031 1169 5115 placeat
1218 5027 1401 5096 collocatos.
1454 5027 1560 5096 Nemo
1596 5027 1683 5094 enim
1716 4962 1769 5096 vel
1805 5027 1945 5113 principi
1978 5026 2031 5094 vel
2067 5025 2198 5092 domino

190 5114 444 5199 Eraamioersio,
465 5117 549 5184 idern
563 5123 691 5185 naam
704 5136 818 5185 seusus
833 5135 953 5185 uoeease
969 5123 1029 5185 eet:
1050 5137 1167 5202 uempq
1220 5121 1363 5199 praestat
1381 5113 1466 5198 quod
1493 5112 1597 5193 debet,
1626 5113 1700 5192 nisi,
1722 5112 1936 5180 eminentiam
1957 5112 2133 5197 inspiciens
2155 5111 2197 5178 ad

190 5203 336 5286 quamuis
351 5223 413 5270 uou
423 5207 569 5288 properet
581 5202 649 5270 Dei
663 5203 812 5284 uindicta,
840 5209 962 5291 aterpo
975 5204 1169 5274 usuam
1220 5222 1318 5286 quam
1346 5200 1422 5268 illos
1450 5200 1542 5266 Deus
1571 5199 1692 5279 erexit,
1725 5200 1847 5267 honore
1875 5198 1949 5265 ideo
1978 5200 2196 5283 prosequitur,

190 5290 346 5376 magui
1219 5287 1296 5374 quia
1316 5286 1383 5356 illis
1404 5283 1526 5354 subest
1562 5284 1649 5352 Nam
1671 5293 1837 5372 utcunque
1858 5304 1957 5370 saepo
1974 5283 2102 5370 indigni
2120 5283 2197 5363 sint,

297 5409 513 5481 οιιιιιομι
548 5406 695 5467 vaura
1939 5402 1974 5459 ιι
