4740 6016
177 311 240 377 231
859 305 1003 376 EPIS'P.
1027 308 1169 376 PAULI
1190 307 1255 374 AD
1278 307 1510 376 EPHESIOS
2115 309 2181 375 232

179 520 281 571 tatem
316 506 527 588 spiritualem,
562 525 645 587 qnae
678 504 849 586 praecipua
881 503 1062 585 expetenda
1094 510 1154 568 est.
1206 501 1360 566 eximere.
1403 501 1600 568 Praesertim
1634 520 1711 567 vero
1743 503 1828 568 inter
1861 523 1914 569 eos
1946 512 2064 588 regnat
2096 506 2182 571 eiua·

179 590 499 676 Ὀφθαλμοδουλείας
517 590 675 667 meminit,
699 589 776 672 quia
797 589 977 654 communis
1000 591 1067 654 fere
1088 607 1155 654 aar·
1206 587 1292 653 modi
1315 588 1470 670 iniqnitas
1492 588 1548 671 qui
1577 594 1609 652 et
1634 587 1709 670 plus
1731 588 1848 666 valant,
1882 596 1915 654 et
1947 588 2070 655 honora
2102 600 2180 656 sant

179 697 297 742 vorum
330 679 478 743 omnium
500 689 550 741 est
580 674 734 740 adulatio.
777 673 903 738 Verum
936 674 1155 756 simulatque
1205 673 1396 757 superiores.

180 774 273 847 terga
296 765 395 829 vertit
418 762 578 836 domiuus,
607 764 796 842 contemptu
829 761 901 825 eins
930 780 989 824 nec
1015 761 1086 827 sina
1107 760 1154 824 lu·
1292 758 1491 824 Remittentes
1518 759 1633 825 minua.
1677 758 1902 825 Contumelias
1935 780 2031 824 omna
2062 781 2179 846 genus,

180 848 286 913 dibrio
308 849 491 914 lasciviant.
536 845 615 912 Pios
636 866 707 930 erpo
730 845 855 911 Paulus
886 844 927 909 ab
959 844 1019 910 bac
1045 844 1156 928 seduci
1207 864 1290 927 quaa
1316 854 1451 910 manant
1483 866 1524 909 ex
1557 842 1762 910 dominorum
1796 845 1954 928 superbia,
1989 865 2053 911 nno
2080 847 2180 913 verbo

179 934 381 1000 simulatione
399 931 508 1015 procul
528 936 657 998 reruotos
678 951 745 996 esse
766 931 858 996 iubet.
1207 929 1446 1014 complectitur:
1469 950 1506 996 ue
1526 930 1557 995 si
1577 935 1691 995 onaret
1705 931 1802 996 nimis
1823 933 1989 1013 imperiose
2005 933 2179 1012 dominari,

267 1021 297 1086 8.
338 1019 556 1100 Unusquisque
582 1017 736 1100 quidquid
757 1017 836 1083 boni.
881 1016 1055 1081 Praeclara
1082 1035 1156 1080 oon·
1207 1021 1241 1080 nt
1255 1021 1444 1098 ,conspectus
1471 1035 1577 1080 eorum
1601 1018 1644 1080 sit
1671 1016 1895 1100 formidabilia,
1929 1038 1966 1084 uc
1997 1018 2027 1083 si
2058 1037 2180 1100 suuper

181 1105 315 1171 solatio:
338 1104 424 1187 quod
447 1105 475 1168 si
496 1104 665 1186 negotium
687 1102 753 1168 illis
780 1104 918 1167 situum
940 1101 1078 1185 ingratia
1101 1102 1154 1166 do·
1207 1102 1286 1166 mati
1313 1102 1435 1184 aliquid
1459 1102 1689 1181 minitarentur,
1718 1104 1836 1183 quoties
1860 1123 1964 1168 seruos
1988 1103 2179 1186 compellunt.

184 1192 281 1256 minis
303 1199 336 1256 et
364 1189 526 1273 malignis,
553 1187 645 1253 Deus
674 1197 843 1272 acceptum
872 1187 933 1252 sibi
960 1188 1042 1252 leret
1063 1187 1155 1269 quid·
1208 1188 1374 1252 Minarum
1397 1188 1485 1251 enim
1509 1197 1542 1250 et
1563 1188 1670 1252 omnis
1688 1189 1866 1254 atrocitatis
1889 1189 1951 1255 hoc
1968 1189 2097 1252 initium
2120 1199 2179 1266 est,

181 1276 258 1358 quid
281 1273 477 1354 hominibus,
505 1273 581 1339 licet
611 1272 766 1357 indignis,
793 1272 1020 1355 impenderint.
1065 1273 1157 1339 Haeo
1208 1269 1294 1355 quod
1317 1292 1427 1339 servos
1449 1271 1581 1348 domini,
1604 1273 1698 1355 quasi
1720 1295 1780 1339 sua
1803 1284 1932 1340 tantum
1956 1295 2053 1340 causa
2074 1283 2180 1357 natos,

180 1362 268 1426 enim
290 1360 443 1445 cogitatio
474 1359 665 1442 plerumque
687 1379 800 1425 servos
828 1359 1013 1442 ignaviores
1039 1357 1155 1441 reddit,
1208 1356 1311 1423 nihilo
1332 1358 1436 1442 pluria
1458 1359 1582 1423 iaciunt
1604 1378 1703 1442 quam
1725 1360 1874 1442 pecudes.
1919 1361 2008 1444 Ergo
2030 1359 2090 1425 sub
2113 1381 2180 1426 una

181 1446 266 1529 quod
298 1447 376 1511 dnm
407 1445 526 1510 fastum
556 1458 588 1508 et
616 1445 835 1528 arrogantiam
866 1442 1069 1507 dominorum
1100 1464 1154 1507 ex·
1208 1443 1314 1526 specis
1336 1452 1425 1509 vetat
1447 1465 1488 1507 ne
1511 1444 1742 1509 contumeliose
1760 1455 1793 1510 et
1814 1447 1968 1512 atrociter
1986 1454 2179 1512 tractentur.

181 1534 341 1615 pendunt,
364 1536 484 1615 putant
506 1550 541 1594 sa
562 1550 694 1613 operam
717 1529 862 1613 perdere.
906 1528 1029 1593 Paulus
1046 1536 1154 1594 autem
1294 1528 1430 1594 Illorum
1451 1528 1611 1596 Dominus
1637 1534 1664 1594 et
1688 1536 1793 1596 uesmr.
1838 1531 2001 1614 Perquam
2031 1551 2179 1597 necessa·

182 1618 285 1694 docet,
320 1616 405 1701 apud
438 1616 545 1681 Deum
580 1616 753 1700 repositam
787 1614 852 1679 illis
884 1615 1064 1680 mercedem
1098 1634 1156 1696 pro
1208 1615 1256 1679 ria
1289 1615 1475 1680 admonitio.
1519 1613 1597 1679 Ideo
1619 1617 1707 1680 anim
1741 1616 1824 1681 nihil
1857 1638 1922 1682 non
1953 1617 2111 1682 audemus
2143 1617 2179 1682 iu

181 1703 308 1780 officiis,
340 1723 422 1786 quae
443 1701 527 1766 male
550 1699 704 1766 videntur
738 1698 823 1782 apud
857 1699 1007 1765 homines
1041 1719 1154 1783 parum
1209 1720 1274 1784 eoa,
1296 1702 1352 1783 qui
1374 1701 1466 1766 nobis
1489 1700 1623 1766 subiecti
1645 1710 1731 1782 sunt,
1764 1703 1840 1786 quia
1870 1722 1976 1785 neque
2005 1701 2179 1768 resistendi

181 1790 343 1853 humanos
372 1787 541 1853 collocari:
574 1786 709 1870 proinde
741 1806 807 1850 non
837 1805 908 1850 ease
941 1806 1070 1851 causam
1099 1807 1156 1850 our
1208 1786 1347 1851 facultas
1379 1786 1445 1851 illis
1478 1797 1536 1866 est,
1569 1807 1675 1869 nsque
1708 1789 1742 1851 in
1776 1790 1827 1855 ius
1860 1789 2000 1854 adeundi
2035 1798 2179 1872 potestas

182 1874 387 1940 abducantur
405 1894 425 1938 a
446 1882 535 1939 recto
556 1892 663 1938 cursu.
707 1870 820 1954 Addit,
842 1891 908 1935 non
927 1870 1066 1936 discerni
1088 1869 1156 1936 illic
1209 1871 1414 1937 conceditur:
1440 1872 1551 1937 nullus
1574 1872 1702 1951 vindex,
1731 1873 1843 1939 nullus
1865 1874 2013 1939 defensor
2034 1882 2178 1957 apparet,

183 1963 270 2025 iutor
291 1979 422 2025 servum
446 1967 479 2023 et
500 1958 646 2038 liberum,
677 1957 760 2040 quod
783 1955 908 2021 soleant
931 1976 1044 2021 sorum
1066 1955 1156 2022 labo·
1209 1957 1260 2021 vel
1294 1958 1391 2022 etiam
1426 1959 1482 2040 qui
1515 1959 1732 2037 miserationis
1761 1979 1859 2025 causa
1891 1959 2045 2044 dignetur
2073 1959 2180 2042 queri·

184 2066 237 2112 ras
260 2043 394 2110 minoris
426 2045 460 2108 in
483 2040 605 2108 mundo
634 2043 808 2108 aestimari.
852 2042 959 2125 Negat
990 2041 1090 2126 igitur
1112 2043 1156 2106 ita
1209 2043 1335 2107 monias
1367 2043 1488 2108 audire.
1542 2043 1693 2125 Denique
1726 2044 1780 2111 hio
1812 2045 1930 2111 accidit
1960 2043 2047 2127 quod
2080 2044 2180 2129 vulgo

184 2152 254 2197 esse
284 2130 369 2214 apud
399 2130 525 2194 Deum:
559 2130 615 2197 sed
644 2148 714 2193 esse
746 2127 813 2194 illio
840 2129 982 2207 pretiosa
1008 2126 1156 2212 eorum1),
1209 2127 1334 2205 dieitur,
1357 2130 1583 2212 impunitatem
1606 2150 1677 2194 esse
1699 2139 1836 2195 matrem
1858 2131 2017 2196 licentiae.
2052 2128 2178 2194 Verum

185 2238 251 2281 non
273 2217 382 2281 minus
411 2235 508 2297 quam
537 2235 651 2298 regum
680 2214 802 2295 offitia:
834 2214 911 2294 quin
937 2214 1075 2294 deposita
1103 2233 1156 2278 en·
1210 2215 1262 2278 hic
1284 2213 1408 2279 Paulus
1434 2215 1596 2293 admonet,
1628 2217 1676 2280 ita
1709 2235 1858 2297 praeesse
1889 2217 1993 2282 servia
2023 2216 2180 2293 dominos,

185 2309 272 2368 ternu
304 2320 442 2384 wama
477 2301 610 2382 qumque
647 2320 686 2365 ea
725 2298 830 2364 cordis
861 2298 1034 2382 integritate
1064 2299 1156 2364 nemi·
1210 2298 1412 2449 utdgabgant
1433 2320 1636 2365 communem
1664 2301 1697 2365 in
1720 2300 1818 2367 coelis
1837 2301 2028 2378 Dominum,
2061 2303 2114 2367 cui
2136 2302 2180 2366 ait

183 2387 329 2454 metitur.
1209 2405 1245 2449 re
1290 2405 1329 2449 eu
1355 2386 1487 2450 aratio.

269 2472 299 2538 9.
334 2471 378 2536 Et
405 2491 459 2537 uos
486 2469 615 2537 domini.
660 2469 772 2549 Quum
806 2490 959 2552 magnam
992 2467 1155 2534 licentiam
1295 2469 1340 2534 m
1359 2490 1421 2535 uon
1441 2477 1487 2536 est
1505 2472 1645 2552 acceptio.
1690 2471 1923 2556 Perstringunt
1950 2472 2042 2538 nobis
2068 2470 2179 2538 oculos

184 2559 412 2641 permitterent
448 2557 537 2640 leges
574 2555 731 2620 dominis:
769 2554 926 2638 quidquid
964 2555 1034 2619 iure
1069 2556 1156 2621 civili
1210 2575 1375 2637 personae,
1410 2567 1446 2620 ut
1468 2577 1573 2639 neque
1595 2557 1654 2636 ius,
1687 2577 1792 2639 neque
1821 2558 1967 2639 aequitas
1990 2558 2096 2623 locum
2119 2556 2179 2623 ha-

185 2645 341 2710 esitatum
369 2653 450 2725 erat,
478 2642 512 2705 id
534 2639 596 2705 sibi
625 2661 695 2705 ease
723 2641 848 2706 licitum
879 2640 975 2705 multi
1000 2641 1157 2722 interpre·
1210 2644 1301 2706 beat:
1323 2641 1379 2706 aed
1403 2641 1525 2706 Paulus
1554 2641 1625 2707 illas
1648 2663 1755 2708 coram
1777 2641 1850 2708 Deo
1872 2644 2045 2726 quidquam
2070 2642 2180 2709 valere

186 2728 349 2793 tabantur.
393 2727 465 2792 Imo
498 2747 535 2791 eo
557 2747 659 2810 usque
692 2726 846 2792 saevitiae
868 2726 998 2808 quidam
1026 2746 1156 2809 progre-
1209 2737 1318 2810 negat.
1362 2727 1507 2792 Persona
1539 2735 1588 2790 est
1609 2727 1766 2810 quidquid
1795 2739 1924 2811 praeter
1955 2749 2070 2794 causae
2091 2728 2180 2795 vari·

186 2813 372 2889 diebantur,
412 2822 449 2878 ut
482 2813 585 2878 coacti
619 2811 742 2877 luerint
780 2813 907 2876 romani
947 2813 1157 2894 imperatores
1210 2822 1309 2876 tatem
1332 2814 1366 2877 in
1391 2813 1521 2878 homine
1543 2813 1736 2894 respicimus
1765 2814 1800 2878 in
1822 2814 2005 2880 iudicando.
2047 2814 2095 2879 Ut
2128 2833 2183 2880 co·

187 2920 297 2964 eorum
319 2898 470 2964 cohibere
495 2897 715 2983 tyrannidem.
759 2895 965 2980 Quamquam
999 2897 1096 2962 stiam
1130 2898 1157 2961 si
1209 2898 1330 2981 gnatio,
1360 2899 1473 2976 torma,
1499 2897 1660 2975 nobilitas,
1691 2899 1833 2979 divitiae,
1860 2901 2010 2977 amicitia,
2039 2909 2182 2982 atquae

187 2985 277 3050 nulla
312 2984 494 3067 principum
530 2983 636 3049 edicta
672 2983 775 3049 serris
811 2992 1055 3047 succurrerent:
1093 3002 1158 3048 non
1209 2994 1287 3047 sunt
1308 2984 1380 3048 eiua
1401 2985 1539 3066 generis,
1567 2984 1710 3048 favorem
1733 2986 1925 3051 conciliant:
1947 3006 2030 3069 quae
2052 2999 2182 3051 contra-

186 3070 252 3135 illis
274 3069 348 3154 plus
377 3068 523 3135 concedit
544 3071 645 3148 Deus,
674 3088 772 3151 quam
795 3068 917 3151 patitur
938 3068 1085 3134 caritatis
1107 3082 1157 3133 re·
1210 3068 1259 3131 ria
1281 3078 1368 3145 sunt,
1400 3077 1617 3152 contemptum
1641 3070 1792 3150 afferunt,
1821 3084 1854 3136 at
1876 3070 2050 3154 aliquando
2079 3071 2181 3136 etiam

186 3156 273 3240 gula.
328 3153 439 3236 Quum
473 3176 602 3221 summa
634 3154 797 3237 aequitate
829 3163 1008 3236 temperare
1045 3153 1159 3220 volunt
1210 3152 1329 3219 odium.
1371 3152 1533 3234 Quoniam
1555 3157 1588 3219 in
1609 3155 1777 3221 hominum
1800 3156 1928 3223 iudiciis
1947 3158 2180 3242 utplurimum

187 3241 371 3325 philosophi
394 3242 530 3306 nimiam
552 3242 586 3305 in
615 3261 727 3305 servos
750 3240 900 3323 rigorem,
930 3239 1045 3305 docent
1066 3249 1157 3304 nten-
1211 3251 1349 3322 regnant
1371 3242 1569 3323 praeposteri
1587 3242 1642 3305 isti
1662 3244 1797 3307 affectus
1819 3261 1861 3306 ex
1876 3264 2034 3327 personae
2055 3243 2181 3308 intuitu

186 3328 264 3393 dum
288 3347 445 3393 essenon
468 3347 617 3392 secunao
640 3324 859 3392 mercenariis.
900 3322 966 3389 Sed
984 3325 1157 3390 utilitatem
1210 3326 1373 3408 concepti:
1407 3327 1463 3409 qui
1493 3326 1652 3409 dignitate
1675 3328 1805 3410 pollent,
1837 3330 1899 3393 sibi
1927 3329 2059 3411 perinde
2090 3328 2183 3394 blan-

187 3422 316 3478 tantum
346 3421 542 3495 sequuntur:
577 3412 638 3477 hoc
660 3423 719 3494 est,
752 3408 829 3494 quid
859 3410 937 3475 utile
966 3411 1009 3475 sit
1030 3410 1159 3493 patrifa-
1210 3410 1344 3476 diuntar
1370 3432 1408 3476 ac
1429 3412 1457 3478 si
1485 3413 1598 3478 iisdem
1628 3416 1819 3496 corruptelis
1840 3414 1949 3480 Deum
1978 3417 2037 3480 sibi
2070 3413 2182 3498 propi·

186 3499 311 3578 miliae,
350 3509 384 3562 et
419 3497 495 3580 quid
533 3499 737 3563 oeconomiae
774 3503 905 3578 aptum,
944 3496 1159 3563 considerant.
1210 3496 1291 3560 tium
1316 3497 1457 3562 habituri
1480 3509 1597 3578 esseut,
1625 3497 1784 3578 Quisnam
1808 3501 1862 3564 ille
1884 3506 1936 3566 eat
1958 3511 1994 3566 ut
2016 3502 2184 3565 rationem

188 3585 304 3668 Longe
331 3583 420 3649 aliud
448 3583 640 3666 principium
669 3581 769 3648 sumit
797 3581 851 3646 hio
883 3581 1016 3648 Paulus.
1062 3582 1161 3646 Prae·
1210 3582 1278 3646 eius
1301 3581 1420 3646 habeat
1441 3582 1541 3661 Deus,
1572 3596 1604 3647 et
1626 3586 1841 3665 patrocinium
1864 3593 1977 3652 contra
2000 3606 2052 3651 ma
2077 3587 2185 3652 susci·

190 3670 302 3736 scribit
324 3670 409 3734 enim
424 3668 502 3751 qaid
517 3668 696 3733 secundum
712 3668 777 3732 Dei
791 3666 1031 3732 iustitutionem
1047 3667 1160 3732 liceat:
1210 3665 1300 3749 piat?
1345 3668 1399 3731 Ex
1420 3667 1557 3734 adverso
1579 3669 1633 3734 hin
1654 3670 1778 3735 Paulus
1801 3674 1916 3736 asserit
1938 3673 2005 3737 falli
2022 3671 2185 3750 dominos,

190 3764 223 3820 et
255 3763 417 3838 quatenus
451 3755 547 3818 etiam
581 3756 686 3820 serris
719 3755 786 3817 sint
822 3750 992 3817 debitores.
1049 3753 1160 3817 Primo
1209 3754 1237 3817 si
1259 3760 1377 3834 putant
1402 3773 1513 3819 servos
1535 3775 1608 3819 suos
1641 3776 1749 3820 coram
1773 3755 1843 3821 Deo
1878 3758 1961 3822 viles
1992 3768 2050 3823 aut
2081 3756 2183 3822 nihili

189 3841 276 3922 dicit,
309 3841 420 3906 eadem
451 3840 562 3905 facite:
597 3860 655 3922 pro
685 3858 748 3921 quo
775 3838 940 3920 transtuli,
973 3846 1158 3903 mutuam
1210 3839 1287 3915 tore,
1311 3839 1386 3919 quia
1410 3839 1492 3904 tales
1514 3841 1580 3906 sint
1600 3860 1707 3907 eoram
1731 3842 1869 3906 mundo:
1892 3864 1967 3907 nam
1986 3841 2058 3909 Deo
2081 3862 2183 3908 curae

188 3929 383 3992 osticium
406 3935 631 4008 praestate.
675 3924 851 4005 Namque
883 3942 981 3989 sensu
1012 3922 1094 3987 dixit
1119 3923 1159 3988 ad
1211 3944 1276 3989 non
1298 3944 1368 3989 esse
1391 3945 1554 4007 personas,
1577 3947 1636 3992 neo
1659 3927 1800 3993 hominis
1819 3928 2025 3994 abiectissimi
2046 3948 2184 3994 causam

189 4013 397 4079 Colossensee
419 4011 462 4093 (4,
479 4010 521 4095 1),
543 4011 579 4073 τὸ
598 4009 717 4073 δίκαιον
735 4009 790 4072 nul
806 4009 866 4090 τὴν
885 4007 1024 4093 ἰσότητα,
1047 4009 1158 4073 eodem
1211 4009 1275 4092 pilo
1297 4009 1490 4075 deteriorem
1513 4012 1579 4076 lore
1601 4033 1697 4094 quam
1719 4016 1837 4077 summi
1861 4015 2026 4097 principis.

190 4094 804 4331 llgttlttlllltstssttt
822 4101 959 4328 llll
972 4093 1082 4329 bl,
1096 4116 1160 4328 ¹2¹2}
1371 4138 1843 4308 murgentina
1866 4139 2184 4294 uturum

190 4284 820 4452 atstandands..tlt.
946 4285 1160 4450 tedbald
1208 4307 2184 4476 ggggrp,Dgwgggrgbgrgggrgggm

190 4458 322 4506 servum
349 4437 478 4502 domino
506 4438 681 4502 obnoxium
707 4436 821 4514 reddit,
849 4446 896 4499 ita
922 4456 1064 4501 vicissim
1087 4457 1159 4519 pro-
1209 4484 1238 4543 et
1254 4445 1434 4563 sammon}
1459 4481 1513 4545 sed
1529 4482 1889 4564 adversusmmpms
1916 4484 2184 4563 mmmm·

1208 4567 1295 4646 tutes,
1316 4527 1467 4631 aduncus
1486 4568 1661 4633 mundanos
1669 4568 1830 4650 munires
1847 4532 2041 4635 terr’ebrumm
2062 4567 2184 4633 aurarii

575 4779 581 4793 .
710 4779 716 4792 .
1209 4649 2185 4821 turnucum

190 4777 551 4948 saturnus-..it
573 4777 985 4949 culintuna:
1001 4778 1161 4946 stit
1632 4825 1714 4891 ....
1735 4827 1921 4891 aaa
2085 4787 2182 4892 r...

192 4972 273 5034 quae
296 4951 388 5016 nobis
411 4951 582 5016 debentur:
610 4972 709 5033 quum
740 4956 849 5014 antem
876 4949 1018 5014 vicissim
1040 4950 1160 5015 tacien-
1298 4949 1347 5016 10.
1373 4950 1459 5032 Quod
1479 4956 1624 5034 superest.
1669 4952 1793 5019 Iterum
1816 4953 1856 5020 ad
1875 4953 2042 5039 generales
2063 4952 2183 5019 exhor-

192 5041 267 5102 dum
303 5047 353 5102 est
381 5035 534 5112 osticium,
569 5056 664 5103 nemo
698 5045 746 5100 ast
775 5035 830 5116 qui
863 5055 928 5100 non
960 5044 1094 5101 conetur
1125 5054 1161 5099 se
1213 5034 1350 5101 tationes
1372 5036 1472 5100 redit:
1495 5056 1531 5101 ac
1549 5039 1690 5119 primum
1713 5038 1844 5122 quidem
1865 5041 2024 5106 iubeteos
2046 5038 2183 5105 fortas

1212 5139 1315 5200 asse,
1337 5121 1388 5188 vel
1410 5120 1562 5205 colligere
1583 5125 1727 5189 animum
1744 5135 1778 5190 et
1799 5127 1906 5191 robur.
1947 5127 2032 5207 Quia
2051 5144 2183 5208 semper

190 4524 338 4609 portione
381 4522 490 4588 habita
529 4521 695 4587 dominum
736 4521 910 4605 obstringit
953 4521 1158 4604 aliquatenus

191 4630 295 4676 servo.
339 4607 438 4673 Istam
465 4608 648 4692 analogiam
678 4607 762 4672 male
790 4605 937 4671 homines
964 4608 1158 4673 metiuntur:

191 4697 266 4779 quia
288 4715 354 4759 non
375 4695 513 4779 exigunt
534 4694 574 4757 ad
597 4694 701 4776 legam
723 4693 877 4772 caritatis,
898 4712 980 4774 qnae
997 4693 1066 4758 sola
1084 4713 1159 4757 vera

278 5224 301 5290 ι)
316 5220 455 5291 pretiosos.
898 5284 906 5303 ,
1212 5206 1315 5272 multe
1336 5215 1421 5289 aunt,
1454 5227 1536 5290 quae
1562 5230 1621 5275 nos
1643 5209 1825 5277 debilitent:
1858 5224 1891 5277 et
1912 5213 2005 5278 nobis
2039 5210 2079 5278 ad
2103 5211 2184 5278 resi-
