4762 6016
190 309 248 376 15⁷

188 498 265 563 tidie
294 496 488 582 confligunt,
522 502 602 564 sunt
630 497 818 577 exercitati,
851 497 944 563 facile
974 503 1164 582 agnoscunt,

188 583 268 650 nihil
293 584 349 649 hio
376 583 518 666 amplius
548 583 812 663 immediatum,
842 605 940 667 qnam
966 590 1163 667 oportuerat.

187 668 267 735 Nam
310 689 413 753 quum
452 690 511 752 pro
548 670 596 734 rei
634 670 794 753 dignitate
835 668 919 734 nihil
958 671 1062 752 possit
1101 670 1164 735 dici

187 756 336 840 nimium,
359 756 478 838 partim
503 754 703 822 diffidentiae
725 764 866 839 nostrae,
889 758 1007 837 partim
1029 757 1166 839 ingrati-

187 840 311 908 tudinis
343 861 441 907 oansa
470 853 538 905 tam
567 843 741 925 magnifiee
772 841 925 924 loquutus
955 853 1005 906 εει
1026 841 1163 907 ΡεεΙεε.

185 927 270 992 Nam
299 936 357 992 aut
386 946 552 1009 nunqnam
584 927 664 992 satis
690 927 788 1011 digne
810 938 1001 1008 reputamus
1023 937 1164 1009 quantus

186 1014 228 1078 sit
256 1013 434 1078 thesaurus
467 1014 523 1094 qui
557 1013 651 1078 nobis
678 1014 872 1098 proponitur
904 1013 938 1076 in
972 1011 1163 1096 evangelio:

185 1106 243 1165 aut
264 1098 294 1164 si
314 1098 349 1162 id
371 1119 448 1164 vare
470 1098 658 1178 sentiamus,
685 1121 749 1164 non
774 1119 948 1181 possumus
970 1100 1061 1163 nobis
1083 1119 1163 1181 per·

185 1184 334 1267 suadere,
356 1187 428 1249 eius
449 1204 509 1250 nos
531 1205 602 1251 esse
624 1205 777 1268 capaces:
807 1186 883 1266 quia
906 1184 988 1248 nihil
1011 1187 1045 1248 in
1069 1186 1164 1250 nobis

186 1272 351 1336 cernimus
388 1269 476 1351 quod
513 1269 726 1354 respondeat,
763 1272 841 1352 quin
879 1271 989 1352 potius
1025 1270 1163 1335 adversa

186 1358 306 1421 omnia.
344 1357 433 1438 Ergo
448 1356 573 1422 Paulus
595 1365 661 1420 tam
685 1358 718 1420 in
742 1377 780 1420 eo
801 1355 987 1433 elaboravit,
1011 1369 1046 1419 ut
1069 1357 1162 1438 regni

187 1442 312 1507 Christi
331 1442 467 1524 gloriam
495 1441 665 1506 extolleret
688 1443 774 1524 apud
796 1441 969 1524 Ephesios,
1000 1461 1096 1524 quam
1127 1453 1163 1506 ut

186 1528 269 1592 serio
295 1528 429 1592 divinae
451 1530 578 1611 gratiae
601 1549 699 1592 sensu
722 1529 866 1593 alliceret
891 1547 1001 1591 eorum
1026 1530 1161 1592 animos.

185 1613 234 1678 Ne
256 1622 367 1678 antem
395 1615 546 1696 propriae
568 1613 772 1696 indignitatis
800 1624 966 1695 respectus
996 1632 1051 1677 eos
1081 1612 1161 1678 deii·

185 1711 280 1779 caret,
303 1712 437 1764 revocat
459 1719 514 1765 eos
537 1699 579 1764 ad
601 1699 870 1765 considerandam
886 1696 950 1763 Dei
966 1701 1160 1781 potentiam:

186 1807 221 1850 ao
243 1788 271 1851 si
295 1786 425 1861 diceret,
451 1806 562 1850 eorum
586 1788 864 1867 regenerationem
889 1805 972 1867 opus
995 1805 1066 1849 esse
1088 1784 1162 1865 Dei,

186 1891 290 1957 noque
327 1870 361 1934 id
391 1871 541 1954 vulgare,
578 1871 635 1936 sed
672 1872 706 1934 in
740 1891 804 1954 quo
841 1871 1030 1934 immensam
1068 1891 1160 1935 suam

187 1959 340 2022 virtutem
375 1957 567 2022 mirabiliter
597 1955 821 2022 declaraverit.
873 1956 1047 2020 Caeterum
1075 1957 1162 2020 inter

189 2043 251 2107 tria
272 2043 415 2124 nomina,
450 2063 533 2125 quae
566 2041 620 2107 hic
648 2043 766 2124 posuit,
800 2041 861 2105 hoc
893 2043 1042 2121 interest,
1076 2042 1161 2124 quod

187 2130 312 2193 robur
345 2142 394 2191 est
427 2128 521 2211 qnasi
554 2128 658 2202 radix,
700 2128 887 2210 potentia
916 2137 1025 2191 antem
1056 2129 1161 2208 arbor,

186 2213 375 2279 efficacia
399 2215 532 2279 tructus.
561 2214 621 2278 aar
636 2214 724 2279 enim
743 2215 889 2278 extensio
912 2211 1013 2277 divini
1026 2213 1159 2290 brachii,

187 2319 268 2382 quae
290 2301 327 2364 in
349 2312 458 2364 autum
481 2301 629 2382 emergit.

268 2469 320 2536 20.
349 2469 452 2551 Qucum
469 2471 606 2536 euomuit
621 2471 658 2535 iu
673 2468 806 2553 Christo,
822 2471 899 2535 dum
913 2471 1004 2536 Mum
1018 2470 1164 2536 excitauit

189 2578 208 2620 u
232 2557 364 2622 mortuis
385 2562 413 2621 ct
434 2558 539 2622 ccciccc
553 2556 626 2637 sctit
642 2557 676 2620 iu
693 2557 903 2635 doctoratus,
925 2558 961 2620 in
975 2555 1161 2623 multatibus,

188 2642 236 2708 21.
271 2641 375 2724 Super
396 2663 514 2707 omnem
531 2643 758 2723 principatum,
788 2648 815 2706 et
831 2648 1022 2724 potestatem,
1050 2644 1162 2706 ctuir·

186 2733 285 2804 triam,
318 2735 345 2792 ct
374 2729 622 2808 dominationem,
656 2733 681 2790 ct
711 2748 798 2792 omuc
825 2748 932 2791 uorum
956 2730 1037 2808 quod
1064 2731 1160 2792 uomi-

1085 309 1236 377 CAPU'P
1259 311 1284 376 l.
1331 306 1340 318 “

2129 310 2192 376 158

1217 499 1283 582 ἱΙΙε,
1312 500 1353 563 ad
1381 498 1546 565 dexteram
1571 500 1674 582 patris
1696 498 1822 580 sedens,
1855 520 2016 565 summam
2047 500 2081 563 in
2103 500 2193 566 coelo

1216 597 1249 650 et
1270 602 1357 650 terra
1379 585 1648 669 gubernationem
1671 586 1807 667 obtinet,
1830 593 1863 650 ει
1879 585 2014 651 devietis
2036 585 2192 651 subactis·
2307 666 2311 673 g

1217 691 1278 753 que
1302 670 1456 749 hostibus,
1478 673 1686 755 magnificum
1710 671 1913 753 triumphum
1936 672 2013 755 agit.
2048 670 2116 736 Nos
2140 672 2193 738 hio

1216 759 1394 839 contempti
1432 762 1466 820 et
1501 758 1660 839 ignobiles
1696 757 1859 822 iacemus:
1901 756 1949 820 illi
1989 757 2103 822 datum
2142 764 2193 823 est

1217 862 1337 906 nomen
1360 843 1445 925 quod
1468 842 1574 924 angeli
1598 851 1632 906 et
1654 843 1802 906 homines
1824 852 2048 926 revereantur,
2071 842 2192 908 diaboli

1216 929 1315 992 etium
1337 938 1371 992 et
1393 928 1486 1012 impii
1507 928 1729 993 reformident.
1775 928 1842 992 Noe
1866 929 1919 993 hio
1941 929 2101 993 donorum
2124 948 2191 994 om·

1217 1014 1308 1079 nium
1342 1015 1463 1097 inopia!
1496 1015 1692 1096 premimur:
1735 1013 1790 1078 ille
1822 1014 1968 1078 omnium
2003 1015 2123 1079 arbiter
2154 1036 2192 1081 ao

1216 1099 1420 1180 dispensator
1447 1100 1641 1164 constitutus
1663 1101 1719 1165 ¹est
1748 1120 1767 1163 a
1789 1105 1892 1182 patre.
1937 1099 2001 1165 His
2023 1100 2063 1165 de
2085 1102 2192 1165 causis

1216 1205 1331 1267 operae
1358 1186 1500 1268 pretium
1531 1195 1597 1262 est,
1636 1205 1751 1250 sensus
1793 1190 1921 1250 nostros
1956 1186 1991 1249 in
2020 1185 2190 1251 Christum

1216 1271 1410 1349 transferre,
1444 1282 1481 1334 ut
1513 1273 1544 1334 in
1575 1291 1629 1350 eo,
1662 1272 1753 1352 quasi
1787 1271 1821 1335 in
1850 1270 1998 1353 speculo,
2033 1272 2191 1355 gloriosos

1216 1356 1347 1420 divinae
1385 1359 1510 1438 gratiae
1547 1355 1716 1422 thesauros
1759 1371 1792 1421 et
1833 1357 2023 1421 immensam
2059 1357 2192 1421 virtutis

1214 1442 1474 1524 magnitudinem
1510 1461 1699 1518 cernamus,
1734 1463 1817 1525 quae
1849 1442 1994 1507 nondum
2030 1444 2064 1506 in
2098 1442 2192 1508 nobis

1215 1539 1293 1591 sunt
1314 1529 1499 1609 conspicua.

1301 1612 1413 1679 Scelere
1442 1613 1517 1695 fecit
1544 1615 1579 1678 iu
1604 1614 1740 1678 demere.
1785 1612 1850 1677 Hic
1879 1611 1970 1678 leons
1999 1623 2109 1695 aperte
2139 1633 2189 1679 os·

1215 1700 1337 1779 tendit,
1370 1700 1494 1781 siquis
1527 1699 1629 1779 olins,
1662 1699 1740 1782 quid
1770 1700 1932 1782 significet
1954 1698 2016 1764 Dei
2040 1699 2190 1765 dextera:

1215 1805 1280 1849 non
1311 1785 1416 1850 locum
1445 1785 1568 1850 scilicet
1597 1786 1754 1866 aliquem,
1784 1785 1841 1849 sed
1872 1796 2063 1869 potestatem
2091 1804 2189 1867 quam

1214 1881 1307 1952 pater
1342 1870 1476 1936 Christo
1508 1871 1664 1949 contulit,
1708 1881 1745 1935 ut
1777 1871 1848 1935 eius
1879 1872 2011 1936 nomine
2044 1871 2124 1936 coeli
2157 1884 2191 1936 et

1215 1967 1321 2020 terrae
1350 1958 1525 2038 imperium
1555 1957 1772 2021 administret.
1810 1956 1921 2035 Quare
1943 1960 2066 2022 trustra
2089 1957 2128 2020 de
2152 1978 2190 2023 eo

1213 2041 1344 2124 litigant
1359 2042 1499 2123 quidam,
1515 2041 1600 2124 quod
1615 2040 1805 2124 Stephanus
1821 2043 1942 2107 viderit
1957 2063 2030 2107 eum
2047 2053 2188 2108 stantem

1213 2126 1299 2213 (Aet.
1324 2126 1431 2212 ’1,55),
1454 2149 1550 2210 quem
1567 2127 1691 2192 Paulus
1713 2127 1767 2192 hio
1789 2126 1902 2192 sedere
1924 2129 2045 2195 scribit.
2077 2128 2190 2212 Neque

1214 2216 1300 2278 enim
1333 2214 1394 2279 hoo
1423 2215 1463 2278 ad
1492 2215 1637 2295 corporis
1667 2213 1912 2279 collocationem
1940 2216 2097 2297 pertinet:
2132 2215 2188 2280 sed

1214 2321 1377 2365 summam
1403 2299 1563 2383 regnandi
1588 2301 1796 2364 autoritatem
1819 2302 1982 2380 exprimit,
2011 2321 2074 2381 qua
2095 2322 2187 2383 prae·

1215 2385 1302 2449 ditus
1324 2393 1375 2451 est
1397 2385 1559 2451 Christus.
1592 2385 1664 2450 Hoc
1687 2393 1807 2449 sonant
1822 2384 1918 2449 Pauli
1942 2387 2057 2450 verba:
2081 2385 2189 2470 Super

1215 2491 1345 2534 omnem
1380 2472 1617 2553 principatum,
1646 2479 1706 2536 eto.
1750 2470 1836 2534 Nam
1870 2480 1974 2534 totum
2008 2470 2069 2537 hoc
2101 2493 2188 2536 eom·

1215 2557 1347 2639 plexum
1384 2559 1549 2637 exegetica
1587 2557 1732 2621 additum
1765 2568 1833 2633 est,
1867 2557 1907 2621 ad
1941 2559 2186 2638 exprimendam

1215 2643 1367 2706 dexterae
1389 2643 1672 2724 significationem.
1717 2642 1848 2706 Dicitur
1877 2663 1954 2726 ergo
1979 2641 2069 2708 Deus
2096 2653 2188 2726 pater

1215 2727 1381 2793 Christum
1415 2729 1571 2792 extulisse
1605 2728 1645 2792 ad
1672 2728 1840 2792 dexteram
1868 2749 1976 2802 suam,
2005 2731 2083 2810 qnia
2112 2750 2186 2795 oon·

186 2819 287 2888 untur,
310 2835 373 2879 uou
393 2820 515 2878 tautum
536 2815 571 2877 iu
591 2813 712 2878 sacculo
728 2813 794 2893 boc,
816 2815 870 2878 ced
885 2816 979 2878 etiam
993 2816 1026 2878 iu
1040 2814 1158 2895 futuro.
1214 2824 1333 2879 sortem
1361 2815 1468 2895 ipsum
1498 2815 1625 2896 imperii
1654 2814 1704 2878 sui
1728 2815 1856 2888 feeerit,
1884 2816 1959 2896 quia
1991 2834 2049 2896 per
2080 2817 2186 2897 ipsum

186 2899 233 2964 22.
268 2899 312 2963 Et
334 2903 442 2964 omnio
462 2900 591 2965 subiecit
607 2898 741 2981 pedibus
761 2901 837 2978 cius,
864 2906 893 2963 et
922 2902 1029 2982 ipsum
1051 2901 1159 2980 posuit
1215 2920 1343 2963 omnem
1377 2919 1469 2965 suam
1503 2905 1695 2982 potestatem
1728 2911 1894 2964 exerooat:
1926 2900 2138 2965 similitudine
2169 2922 2187 2962 a

186 2991 277 3066 caput
308 3005 402 3068 super
433 2988 539 3050 annia
570 2985 719 3050 ecclcsiae.
764 2985 815 3049 23.
853 2986 937 3066 Quae
970 2991 1015 3049 est
1046 3006 1158 3066 corpus
1215 2986 1353 3050 terrenis
1388 2986 1588 3069 principibus
1623 2996 1770 3068 sumpta,
1804 2986 1860 3068 qni
1896 3007 1974 3052 suos
2010 2988 2188 3068 praefectos

187 3072 267 3153 arca,
290 3076 318 3135 ct
344 3071 592 3154 complementum
622 3072 700 3150 eius,
730 3072 787 3152 qui
815 3072 920 3136 omma
953 3073 987 3136 iu
1014 3072 1156 3136 omuibus
1215 3071 1356 3136 assidere
1384 3072 1445 3137 sibi
1480 3070 1592 3137 iubent
1621 3071 1754 3136 honoris
1782 3090 1889 3136 eausa.
1934 3071 2045 3150 Quum
2078 3085 2187 3137 antem

186 3157 338 3238 adimplet.
1216 3158 1349 3222 dextera
1382 3159 1444 3222 Dei
1477 3158 1601 3224 coelum
1636 3164 1671 3223 ει
1700 3168 1820 3221 terram
1851 3156 2000 3239 impleat,
2030 3159 2187 3241 sequitur,

1216 3264 1352 3327 regnum
1376 3243 1502 3309 Christi
1528 3245 1646 3327 ubique
1679 3243 1834 3308 diffusum
1864 3263 1934 3308 esse
1960 3250 2058 3324 atque
2087 3244 2186 3309 etiam

267 3329 321 3395 20.
347 3328 448 3409 Qum
469 3329 605 3394 ixscruit
624 3329 659 3391 in
677 3327 807 3393 Christo.
840 3327 986 3393 Verbum
1009 3349 1162 3412 graecum
1216 3331 1382 3394 virtutem.
1428 3329 1522 3394 Unde
1555 3349 1726 3413 perperam
1750 3329 1870 3394 faciunt
1897 3328 1951 3410 qui
1980 3349 2022 3392 ex
2044 3330 2188 3394 sessione

188 3426 235 3481 est
256 3414 437 3501 ἐνέργησεν,
469 3415 556 3480 unde
578 3413 731 3499 ἐνέργεια.
776 3414 917 3479 Perinde
950 3435 987 3479 ao
1011 3416 1038 3478 ei
1062 3415 1162 3480 latine
1215 3415 1256 3480 ad
1279 3415 1445 3479 dexteram
1470 3415 1532 3478 Dei
1556 3426 1716 3481 conantur
1740 3417 1885 3498 probare,
1908 3415 2079 3479 Christum
2105 3433 2188 3478 non·

189 3500 286 3584 dicae,
304 3503 482 3567 seeundum
506 3502 693 3577 efficaciam,
716 3520 814 3582 quam
838 3501 953 3565 effecit.
988 3500 1054 3566 Sed
1077 3502 1162 3584 qnod
1215 3502 1276 3567 nisi
1306 3503 1340 3565 in
1363 3501 1453 3566 coelo
1476 3523 1556 3566 esse.
1601 3502 1663 3566 Est
1685 3501 1815 3583 quidem
1846 3500 1880 3564 id
1903 3500 2122 3573 verissimum,
2154 3501 2188 3564 in

187 3608 243 3672 ago
279 3587 453 3664 transtuli,
497 3587 583 3651 idem
619 3587 706 3651 valet
745 3598 778 3650 et
808 3587 915 3651 minus
949 3597 1000 3651 est
1031 3586 1160 3653 durum.
1214 3586 1302 3654 coelo
1328 3607 1399 3652 esse
1423 3586 1549 3653 Christi
1571 3586 1819 3662 humanitatem,
1850 3606 1914 3649 non
1938 3588 2099 3649 interra:
2131 3585 2188 3649 sed

186 3674 307 3740 lderito
337 3682 448 3738 autem
472 3673 525 3738 hic
556 3693 615 3737 nos
637 3674 818 3756 potentiam
847 3672 939 3736 illam
970 3674 1004 3736 in
1028 3672 1160 3738 Christo
1213 3673 1358 3755 probatio
1380 3672 1438 3737 illa
1460 3693 1526 3737 non
1549 3673 1711 3738 convenit.
1747 3672 1832 3736 Nam
1849 3672 1933 3753 quod
1949 3691 2025 3735 mox
2042 3672 2189 3753 sequitur

186 3760 306 3826 intueri
340 3760 441 3824 iubet.
486 3758 571 3823 Nam
608 3759 643 3822 in
677 3759 771 3823 nobis
807 3758 915 3822 adhuc
951 3758 1047 3824 latet:
1084 3760 1161 3840 quia
1213 3761 1252 3823 in
1282 3759 1558 3835 coelestibus,
1588 3779 1654 3822 non
1682 3778 1719 3823 eo
1742 3759 1848 3822 tendit
1876 3766 1914 3821 ut
1933 3756 1996 3822 Dei
2018 3757 2186 3821 dexteram

187 3846 290 3913 virtus
305 3845 370 3909 Dei
394 3847 428 3908 in
450 3845 644 3909 infirmitate
666 3845 834 3927 perficitur
856 3843 899 3927 (2.
921 3843 1032 3909 Corin.
1050 3845 1099 3924 12,
1115 3843 1159 3928 9).
1212 3845 1302 3910 coelo
1331 3844 1491 3909 includat:
1525 3843 1582 3909 sed
1615 3856 1652 3907 ut
1680 3845 1818 3909 sciamus
1848 3842 2017 3908 Christum
2046 3863 2084 3907 eo
2115 3840 2186 3908 alti·

186 3930 225 3996 In
248 3952 314 4015 qno
344 3933 432 3997 enim
461 3930 546 3995 filios
574 3930 685 3995 mundi
709 3929 953 4013 praecellimus,
988 3931 1051 3993 nisi
1074 3931 1159 4014 quod
1212 3930 1335 3995 tudinis
1364 3944 1511 3995 evectum
1542 3950 1622 4009 esse,
1652 3941 1689 3994 ut
1710 3929 1898 3995 incoelesti
1921 3930 1983 3993 Dei
2005 3928 2126 4012 gloria,
2153 3931 2186 3993 in

188 4017 316 4083 videtur
333 4029 444 4082 nostra
458 4017 600 4082 conditio
619 4016 784 4098 aliquanto
796 4014 958 4081 deterior?
983 4016 1158 4081 Peccatum
1212 4016 1306 4080 beata
1321 4016 1577 4094 immortalitate,
1592 4015 1678 4080 inter
1693 4015 1826 4099 angelos
1841 4035 2006 4080 summum
2022 4016 2185 4098 fastigium

187 4104 316 4187 quidem
338 4103 466 4168 etiamsi
489 4124 552 4166 non
576 4113 701 4186 regnet,
731 4102 837 4168 adhue
863 4112 972 4166 tamen
1002 4105 1036 4165 in
1066 4102 1158 4167 nobis
1211 4102 1365 4167 obtineat.

188 4188 329 4269 habitat,
358 4209 447 4254 more
478 4187 583 4254 adhuc
606 4190 705 4270 viget,
739 4186 903 4252 beatitudo
932 4189 994 4252 sub
1023 4207 1081 4269 spe
1107 4189 1157 4251 in·
1296 4188 1348 4252 21.
1384 4186 1485 4269 Super
1517 4207 1636 4252 mnucm
1667 4187 1892 4269 miuomutum.
1943 4187 2019 4251 Non
2052 4184 2186 4251 dubium

188 4274 276 4341 clusa
310 4294 376 4338 non
408 4275 602 4357 perspicitur
634 4294 653 4337 a
682 4272 813 4338 mundo.
869 4274 986 4337 Virtus
1025 4274 1158 4356 spiritus
1211 4273 1289 4355 quin
1318 4275 1368 4338 his
1391 4274 1577 4338 nominibus
1604 4275 1737 4356 angelos
1760 4275 1924 4355 designet:
1958 4274 2014 4356 qui
2036 4274 2083 4339 sic
2111 4273 2185 4338 ideo

187 4382 237 4427 res
259 4369 311 4426 est
332 4361 423 4425 carni
452 4372 485 4424 et
508 4360 661 4443 sanguini
691 4359 873 4443 incognita:
907 4359 1037 4423 interim
1070 4359 1158 4424 mille
1211 4368 1451 4442 nuncupantur,
1475 4360 1561 4442 quod
1578 4358 1670 4424 Deus
1693 4381 1751 4442 per
1768 4361 1914 4443 ipsorum
1935 4380 2070 4424 manum
2092 4380 2184 4425 suam

188 4449 353 4513 aerumnis
389 4466 503 4511 sumus
535 4446 684 4526 obnoxii,
719 4458 755 4509 ut
788 4447 892 4527 magis
929 4445 1029 4509 simus
1061 4465 1156 4527 qnam
1212 4454 1422 4525 potestatem,
1467 4447 1623 4510 virtutem
1660 4455 1694 4508 et
1727 4446 1982 4510 dominationum
2026 4458 2184 4511 exerceat.

187 4534 240 4598 alii
271 4532 491 4615 despicabiles.
547 4529 645 4597 Solus
676 4532 784 4613 itaque
814 4530 966 4596 Christus
991 4531 1156 4613 speculum
1212 4530 1304 4597 Solet
1326 4531 1423 4608 enim,
1457 4542 1618 4613 quatenus
1640 4531 1725 4613 quod
1749 4531 1809 4595 sibi
1832 4532 1999 4613 proprium
2022 4539 2072 4596 εει
2096 4550 2185 4594 croa-

188 4632 245 4699 est,
266 4621 304 4684 in
322 4639 386 4701 quo
408 4618 622 4699 contemplari
644 4617 742 4682 liceat
756 4615 840 4699 quod
861 4617 897 4680 in
920 4617 1010 4681 nobis
1026 4629 1158 4702 propter
1210 4617 1293 4683 turis
1312 4619 1544 4695 communicat,
1574 4618 1621 4681 ita
1642 4635 1736 4681 suum
1759 4615 1826 4681 illis
1849 4635 1967 4680 nomen
1991 4615 2183 4681 adscribere.

188 4707 293 4772 erneis
329 4705 554 4769 infirmitatem
592 4704 826 4768 subobscurum
860 4714 917 4768 est.
974 4702 1026 4767 Ita
1059 4723 1156 4786 quum
1211 4703 1286 4782 Qua
1306 4703 1431 4768 ratione
1455 4715 1612 4769 vocantur
1634 4681 1748 4774 ntnbu.
1788 4703 1890 4767 Porro
1912 4700 2184 4784 quemadmodum

188 4792 306 4857 fiducia
338 4791 497 4869 iustitiae,
530 4791 645 4855 salutis
683 4801 717 4853 et
746 4789 868 4872 gloriae
904 4788 1050 4870 erigendi
1080 4799 1158 4854 sunt
1210 4811 1253 4854 ex
1271 4788 1458 4855 diversitate
1480 4791 1648 4853 nominum
1670 4788 1849 4871 colligimus
1872 4787 2017 4852 diversos
2036 4787 2183 4852 ordines:

132 4944 135 4949 ,
189 4879 305 4960 animi,
328 4877 489 4943 discamus
512 4896 566 4940 eos
588 4874 630 4939 ad
653 4874 822 4941 Christum
847 4886 1045 4940 convertere.
1089 4875 1158 4940 Nos
1210 4876 1256 4939 ita
1299 4874 1450 4940 subtilius
1472 4875 1512 4940 de
1534 4875 1598 4939 illis
1619 4876 1800 4957 inquirere,
1827 4880 1860 4937 et
1882 4892 2056 4937 numerum
2078 4873 2182 4948 finire,

188 4964 275 5028 enim
307 4962 415 5028 adhoc
447 4963 562 5026 mortis
589 4960 793 5027 subiacemus
815 4961 967 5040 imperio:
1001 4959 1066 5039 ille,
1089 4981 1157 5026 ooo-
1209 4972 1242 5026 et
1264 4959 1385 5044 gradus
1407 4970 1561 5039 statuere,
1584 4978 1648 5024 non
1665 4959 1759 5025 modo
1776 4959 1894 5025 stultae
1909 4968 1960 5024 est
1976 4959 2184 5035 curiositatis,

188 5047 261 5114 lasti
283 5049 432 5134 potentia
453 5049 616 5114 excitatus
644 5046 838 5129 amortuis,
869 5047 955 5111 vitae
977 5045 1156 5110 dominium
1210 5045 1266 5110 sed
1297 5047 1490 5111 temeritatis
1519 5047 1619 5110 etiam
1648 5046 1767 5128 impiae
1797 5067 1835 5112 ae
1861 5045 2071 5128 periculosae.
2114 5043 2184 5109 Cur

189 5135 296 5202 habet.
341 5134 409 5199 Nos
431 5134 491 5199 sub
513 5133 636 5216 peocsti
657 5135 814 5198 servitute
834 5132 1029 5214 laboramus,
1051 5138 1085 5195 et
1105 5133 1156 5195 in·
1210 5141 1319 5198 antem
1336 5152 1400 5196 non
1416 5132 1604 5214 simpliciter
1615 5132 1796 5197 nominavit
1807 5130 1960 5215 angelos?
1979 5131 2184 5216 Respondeo,

189 5221 290 5287 finitis
304 5220 444 5288 miseriis
459 5219 649 5286 circumdati
665 5217 843 5283 militamus
860 5218 975 5282 duram
991 5218 1157 5282 militiam:
1211 5218 1458 5301 amplificandae
1484 5217 1608 5284 Christi
1637 5219 1759 5302 gloriae
1784 5237 1882 5286 eausa
1911 5217 2053 5283 Paulum
2084 5238 2182 5301 exag-
