4740 6016
177 367 221 433 79
807 361 949 428 arma.
971 358 1116 426 PAULI
1137 357 1203 426 ΔΙ)
1225 355 1557 427 0οΒ088ΕΝΒΕΒ
2146 359 2196 429 80

179 564 266 628 anim
292 583 438 646 unquam
468 561 571 626 otiosa
593 561 627 624 iu
652 557 743 623 nobis
766 557 830 622 erit
850 574 924 638 spes
946 554 1032 619 sitae
1055 564 1157 618 aeter·
1210 551 1355 638 plaribus
1385 574 1451 618 non
1474 551 1605 637 legitur,
1636 552 1720 637 quod
1743 572 1804 638 ego
1827 553 1910 620 verti
1940 510 2192 704 propagari:

179 672 250 724 uae,
274 650 352 732 quin
376 647 584 713 dileetionem
607 647 640 711 iu
660 644 752 709 uobis
769 641 884 725 pariat.
923 639 1054 705 Necesse
1075 639 1159 704 esim
1209 639 1286 722 quia
1315 649 1425 705 umen
1453 638 1619 706 ooutaxtui
1648 647 1720 705 erat
1748 639 1865 724 aptius,
1899 658 1942 706 no
1956 639 1990 706 ui
2024 643 2191 707 omittere.

179 741 225 802 est
247 741 282 801 ut
311 736 368 819 qai
389 734 573 801 theream
600 731 683 797 altae
701 726 764 794 as'bi
791 727 828 792 is
847 725 941 791 asta
966 724 1158 790 reconditam
1208 724 1254 790 Et
1275 728 1412 811 apparat
1426 746 1468 790 ax
1484 732 1634 790 veterum
1650 725 1894 792 oommeutariis
1913 725 1999 791 hano
2017 725 2191 793 laotiouam

180 843 246 889 esse
267 827 349 888 carta
365 838 543 904 passsam
563 822 616 900 est,
638 813 768 914 aeqloeto
781 810 896 877 munda
916 810 994 877 illue
1008 810 1157 894 adspiret.
1209 831 1339 894 semper
1360 811 1465 895 magis
1487 811 1587 877 fuisse
1609 812 1772 877 usitatam.

182 897 1010 980 Matsasaaaaaaaataasaeaffataaaara
1029 896 1159 962 merod
1294 893 1727 979 anaaaaaatattaaa
1829 896 2057 983 ’γνώω
2095 897 2191 964 Iasus

181 995 246 1062 Da·
267 995 384 1060 saalum
405 1011 501 1076 mam
521 989 565 1055 ad
581 985 688 1052 stata
707 982 852 1049 artasia
864 983 960 1064 rapit.
1005 983 1157 1047 Abutuu·
1211 980 1395 1058 dooilitatis
1419 981 1506 1067 quod
1528 982 1640 1047 statim
1661 1003 1738 1067 amp
1751 984 1805 1047 exi
1829 995 1908 1048 sunt
1929 1003 2045 1049 sanam
2068 984 2190 1050 duomi-

182 1092 237 1147 tur
261 1082 323 1147 boo
345 1076 533 1144 testimonio
559 1071 726 1155 sophistae
747 1067 789 1132 ad
810 1067 997 1133 extollenda
1022 1087 1157 1149 operum
1209 1088 1304 1132 nam:
1327 1067 1398 1133 laus
1420 1067 1630 1146 oonstantias‚
1653 1067 1739 1152 qaod
1762 1069 1798 1133 in
1820 1089 1859 1134 ea
1882 1069 2106 1151 perstiterunt.
2144 1066 2192 1135 B

182 1170 312 1250 merita,
333 1165 426 1249 quasi
449 1180 523 1245 spes
544 1156 660 1223 salutis
675 1175 716 1218 ex
739 1152 891 1235 operibus
907 1153 1077 1237 penderet:
1101 1150 1158 1219 sed
1205 1155 1338 1237 proprie
1357 1157 1484 1220 uaeatm
1512 1152 1664 1239 svamm&
1682 1153 1772 1235 fides,
1801 1156 1927 1238 qrats‘ae
1948 1154 2013 1222 Dei
2039 1154 2193 1240 aequitio:

182 1252 335 1319 frivolum
359 1262 409 1315 eat
430 1251 669 1346 argumentum.
707 1239 821 1322 Neque
838 1240 926 1304 enim
946 1241 1101 1322 sequitur,
1123 1240 1158 1303 in
1209 1240 1288 1322 qaia
1308 1259 1398 1305 mmo
1418 1259 1560 1323 usquam
1585 1239 1780 1325 eoaaqeliam
1806 1241 1954 1324 qastaait,
1983 1240 2051 1306 alai
2078 1241 2138 1325 qua'
2158 1259 2194 1306 aa

182 1338 335 1420 operibus
358 1353 449 1418 spem
471 1329 542 1395 ideo
565 1324 736 1391 fundatam
760 1345 842 1409 esse,
865 1325 942 1409 quia
957 1344 1018 1389 nos
1035 1323 1076 1388 ad
1093 1333 1159 1389 stu·
1210 1325 1279 1392 Dea
1299 1325 1530 1391 reeaaails’alum
1551 1326 1651 1406 satra,
1678 1329 1706 1390 et
1731 1325 1863 1392 alsam
1890 1325 2135 1409 apprehenderet
2155 1327 2192 1392 s'st

183 1425 271 1489 dium
301 1423 383 1487 bene
412 1414 544 1482 vivendi
574 1409 781 1476 exstimulat:
815 1431 913 1493 quum
942 1410 982 1476 ad
1011 1408 1044 1474 id
1075 1409 1158 1475 nihil
1213 1410 1336 1477 atrise
1356 1409 1497 1476 ablatam
1543 1412 1814 1495 inveritate,
1848 1412 2012 1496 signifieat
2045 1432 2123 1479 rara
2155 1420 2191 1478 st

182 1510 346 1576 eifiaaoius
373 1505 415 1570 sit
437 1520 534 1584 quam
564 1498 709 1582 gratuita
730 1496 794 1561 Dei
818 1496 956 1575 bonitas,
1008 1516 1068 1562 uae
1089 1517 1158 1561 om·
1212 1496 1334 1581 absque
1357 1497 1442 1562 iuno.
1486 1495 1572 1561 Nam
1595 1498 1679 1563 siout
1700 1504 1779 1562 ante
1801 1507 1941 1563 testatus
1964 1508 2023 1574 ast,
2045 1516 2192 1583 essupe-

182 1614 257 1661 nam
276 1609 409 1675 operum
429 1584 579 1650 fiduoiam
597 1582 632 1646 in
651 1582 793 1648 nihilum
809 1581 937 1667 redigit.
982 1518 1158 1648 gaeterum
1211 1581 1293 1647 lium
1316 1602 1388 1647 esse
1408 1580 1578 1647 indubiam
1601 1583 1792 1648 veritatem:
1814 1584 1860 1649 ita
1883 1603 1972 1648 nuno
1992 1583 2095 1663 addit,
2126 1585 2193 1650 siu·

182 1676 383 1761 metonymia
410 1680 460 1735 est
488 1670 523 1732 in
546 1668 646 1734 verba
667 1669 753 1752 spei:
782 1669 858 1751 quia
885 1668 1014 1752 eapitur
1042 1687 1159 1751 prore
1211 1688 1286 1734 aare
1317 1668 1381 1733 illis
1422 1669 1523 1733 fuisse
1556 1668 1726 1734 traditum:
1766 1669 1864 1752 idque
1896 1668 1944 1732 ab
1980 1668 2010 1734 lt
2048 1669 2192 1753 aphra

182 1773 320 1848 sperata.
363 1757 446 1823 Nam
480 1774 554 1837 spes
587 1754 622 1818 in
656 1755 777 1819 animis
810 1753 930 1819 uostris
962 1762 1014 1818 est
1046 1753 1159 1838 gloria,
1212 1753 1296 1818 Nam
1320 1775 1420 1836 quum
1442 1773 1556 1819 omues
1577 1754 1785 1839 evangelium
1807 1758 1941 1836 inolent,
1962 1689 2058 1821 murti
2080 1765 2194 1823 auum

182 1868 281 1933 quam
305 1861 475 1926 speramus
506 1842 540 1903 in
562 1838 669 1907 ooelis.
714 1838 781 1906 Sed
810 1849 920 1905 tamen
947 1860 1048 1924 quum
1071 1837 1160 1924 diait,
1212 1840 1290 1904 mali
1313 1841 1381 1904 sint
1402 1841 1554 1924 operarii,
1580 1860 1717 1925 quorum
1742 1841 1795 1906 sel
1819 1840 2015 1925 ignorantia,
2047 1840 2097 1907 sal
2120 1860 2193 1907 am·

182 1951 273 2017 epam
299 1928 392 1993 nobis
415 1928 448 1990 in
471 1925 560 1991 ooalo
583 1945 654 1992 ease
675 1926 860 2010 repositam,
889 1926 1063 2027 signifieat,
1085 1946 1160 2009 par·
1213 1925 1343 2000 bitious
1367 1925 1420 1990 sel
1443 1925 1593 2004 avaritia,
1614 1925 1705 1994 illius
1726 1929 1854 2011 puritas
1876 1926 2097 1993 adulteratur:
2120 1946 2192 1993 ms·

183 2017 258 2084 inde
279 2022 385 2080 oertos
408 2010 525 2077 debere
547 2032 618 2078 esse
640 2011 751 2078 fideles
767 2010 807 2077 de
829 2011 1044 2096 promissione
1058 2021 1160 2076 aeter·
1212 2031 1357 2097 gnopera
1389 2010 1504 2088 refert,
1538 2011 1678 2079 disoerni
1712 2013 1795 2078 lidos
1826 2012 1993 2078 ministros
2024 2033 2047 2078 a
2078 2011 2192 2080 minue

183 2122 245 2168 uae
268 2096 445 2174 ialioitatis,
476 2117 513 2162 ao
534 2099 560 2163 si
590 2097 654 2162 iam
677 2097 868 2163 thesaurum
890 2097 1049 2163 habereut
1071 2106 1161 2165 oerto
1213 2096 1330 2183 probis.
1385 2096 1502 2181 Neque
1533 2100 1620 2163 enim
1653 2100 1733 2165 satis
1767 2107 1833 2182 ast,
1869 2097 2034 2184 evangelii
2071 2118 2192 2167 noman

183 2192 214 2253 iu
239 2187 308 2251 looo
329 2183 542 2250 reoonditum.
834 2262 839 2268 ι
1213 2195 1340 2249 tenera:
1363 2183 1427 2248 nisi
1457 2183 1600 2249 soiamus
1631 2186 1693 2250 hoo
1720 2205 1792 2250 essa
1821 2204 1936 2250 rerum
1969 2184 2191 2270 evangelium,

269 2269 321 2336 De
342 2289 407 2352 qua
421 2269 520 2352 prius
541 2269 689 2336 auditis.
733 2268 821 2352 Quia
836 2289 888 2335 res
906 2280 956 2335 est
971 2289 1071 2352 supra
1087 2289 1161 2352 oap·
1212 2270 1296 2353 quod
1312 2291 1332 2334 a
1347 2268 1452 2334 Paulo
1467 2278 1500 2333 et
1514 2269 1672 2354 Epaphra
1687 2271 1907 2353 praedieatum
1923 2279 1983 2336 ast
2006 2269 2120 2353 Quare
2130 2288 2191 2337 suo

184 2366 253 2424 tum
278 2357 398 2421 mentis
419 2368 553 2420 nostrae
575 2353 664 2421 salus
686 2365 832 2420 aeterua:
856 2354 928 2421 ideo
951 2356 1051 2438 addit,
1073 2354 1161 2421 illius
1212 2355 1337 2421 aalaulo
1364 2353 1491 2420 Paulus
1517 2357 1690 2421 ooufirmat
1719 2356 1902 2423 dootriuam
1931 2356 2126 2441 Epaphras:
2153 2363 2192 2427 ut

183 2439 413 2509 oertitudiuem
444 2462 503 2524 per
527 2440 735 2526 evangelium
764 2440 895 2507 allatam
927 2441 1027 2507 fuisse
1049 2439 1160 2507 Oolos·
1212 2440 1424 2507 Oolossanses
1452 2440 1489 2505 in
1518 2460 1556 2506 ea
1582 2443 1730 2521 retineat,
1764 2442 1943 2524 eadamque
1975 2462 2076 2525 opera
2102 2441 2192 2526 ipsos

184 2524 343 2595 sensibus.
394 2526 440 2592 st
472 2527 569 2592 simul
603 2527 771 2610 praefatur
803 2548 838 2593 se
869 2526 950 2591 nihil
984 2526 1160 2591 allaturum
1214 2539 1379 2593 revooata
1398 2525 1623 2606 nebulonibus,
1641 2530 1695 2611 qui
1718 2528 1843 2593 alienas
1857 2528 2022 2593 doetrinae
2036 2526 2193 2593 induoare

184 2614 281 2679 novi:
315 2612 373 2678 sed
406 2622 535 2678 tantum
566 2611 627 2680 hoo
656 2633 754 2697 agere
783 2625 821 2677 ut
850 2614 882 2677 iu
914 2622 1045 2695 reoepta
1071 2614 1161 2696 prius
1213 2613 1439 2680 moliebantur.
1484 2611 1531 2677 lat
1552 2613 1650 2681 simul
1679 2629 1776 2680 ornat
1797 2616 1906 2697 ipsum
1931 2613 2119 2698 Epaphram
2143 2613 2193 2678 in·

185 2698 334 2764 doetrina
355 2719 411 2764 eos
432 2698 614 2764 confirmet.
659 2699 817 2764 Erasmus
847 2698 1016 2764 transtulit
1041 2718 1160 2764 sermo·
1214 2698 1301 2785 sigui
1331 2697 1437 2782 titulo,
1471 2717 1537 2781 quo
1569 2699 1645 2782 plue
1677 2699 1862 2766 autoritatis
1896 2698 2022 2766 habeat
2066 2698 2193 2765 Reddit

184 2805 260 2851 nem
289 2804 439 2849 varaoem
470 2784 642 2868 evangelii.
687 2784 756 2851 Neo
784 2805 838 2850 ma
866 2784 955 2868 latet,
985 2805 1075 2850 more
1104 2784 1161 2849 ha·
1214 2794 1378 2869 postremo
1414 2784 1587 2852 amabilem
1623 2785 1887 2862 Colossensibus,
1929 2805 2028 2868 quam
2068 2791 2191 2849 testem

184 2871 297 2937 braiao
327 2871 513 2954 genitivum
547 2891 644 2953 saepe
676 2870 745 2937 looo
778 2870 915 2954 epitheti
952 2871 1038 2936 sumi
1075 2869 1161 2953 apud
1214 2876 1321 2956 ipsum
1347 2869 1410 2936 sibi
1442 2870 1542 2938 luisse
1572 2871 1650 2939 diait
1676 2893 1788 2936 eorum
1817 2873 1974 2938 taritatis.
2017 2869 2092 2936 Hoo
2120 2870 2192 2936 ubi·

185 2954 345 3021 Paulum:
371 2955 428 3021 sed
452 2955 506 3020 hio
526 2957 627 3021 verba
650 2956 744 3022 Pauli
768 2957 924 3023 maiorem
948 2955 1071 3023 habeut
1092 2977 1160 3021 em·
1214 2977 1279 3040 qua
1296 2956 1417 3041 satagit
1433 2957 1567 3041 Paulus,
1588 2966 1626 3022 ut
1648 2977 1729 3040 quos
1750 2956 1892 3025 fideliter
1913 2956 2048 3023 Obsisto
2069 2958 2193 3023 servire

184 3041 316 3127 phasin.
360 3041 444 3107 Nam
473 3038 548 3106 κατ’
566 3040 683 3128 ἐξοχὴν
714 3041 981 3127 evangelium
1011 3044 1162 3108 nominat
1215 3043 1317 3126 novit,
1335 3064 1395 3108 sua
1409 3043 1692 3110 commendatione
1706 3045 1889 3109 aerissimos
1904 3041 2047 3109 eoolasiis
2062 3040 2193 3108 reddat:

185 3147 418 3194 sermonem
442 3129 660 3208 veritatis,
691 3127 824 3194 honoris
850 3146 962 3196 eausa:
993 3149 1056 3212 quo
1084 3128 1161 3195 soli·
1215 3130 1302 3196 siout
1329 3148 1527 3196 aoousarso
1552 3130 1589 3195 in
1612 3128 1673 3195 hoo
1695 3130 1757 3194 toti
1779 3140 1858 3195 suut
1880 3127 2025 3196 Satanae
2047 3128 2192 3193 ministri

117 3228 120 3233 ·
186 3214 260 3279 dius
279 3213 469 3296 firmiusque
482 3214 637 3281 insistant
652 3217 686 3280 in
701 3215 900 3280 revelatione
916 3214 1007 3280 illino
1021 3225 1160 3298 aouepta.
1215 3224 1254 3281 ut
1285 3235 1306 3280 a
1337 3213 1413 3281 fidis
1445 3215 1629 3300 pastoribus
1661 3214 1860 3299 simplioium
1892 3217 2018 3281 animos
2050 3212 2194 3281 sinistris

186 3301 241 3365 Ita
262 3319 372 3365 nomeu
395 3300 551 3384 eoaaqels's‘
572 3301 744 3384 appendite
759 3301 936 3367 metuitur.
1214 3300 1420 3367 sermonibus
1457 3301 1611 3367 alienent.
1670 3300 1901 3368 caritatem
1938 3302 1980 3365 in
2016 3299 2193 3384 spiritu,

273 3385 304 3452 6.
330 3387 594 3468 Qaasadaaadum
620 3392 648 3451 et
670 3387 704 3452 ia
732 3387 879 3453 sammaa
906 3387 1022 3452 mando
1049 3386 1163 3469 fruati-
1214 3408 1274 3473 pso
1302 3385 1465 3468 spirituali
1495 3386 1668 3453 dileetioue
1691 3387 1813 3471 aooipio
1842 3407 1916 3452 oum
1939 3384 2194 3471 Chrysostomo:

183 3472 267 3554 fleat.
311 3471 385 3537 Hae
418 3472 458 3537 ad
492 3475 620 3556 piorum
654 3484 722 3538 tam
751 3474 1032 3538 oonfirmatiouem
1064 3492 1162 3557 quam
1215 3474 1267 3539 oui
1289 3473 1324 3537 iu
1346 3473 1567 3556 superioribus
1585 3492 1651 3539 nou
1672 3474 1844 3540 assentior.
1889 3472 1993 3538 Porro
2012 3469 2194 3556 spiritualia

187 3557 443 3624 oonsolatiouem
465 3559 564 3638 salet,
595 3559 708 3624 videre
730 3559 828 3643 longa
850 3558 978 3642 lataque
999 3557 1162 3642 evangelii
1215 3558 1347 3625 dileetio
1367 3566 1427 3639 est,
1448 3579 1532 3642 quae
1554 3576 1622 3623 uon
1640 3560 1771 3643 respioit
1792 3558 1968 3624 muudum:
1990 3557 2050 3623 sed
2063 3557 2195 3640 pietatis

186 3643 339 3711 effaetum
362 3644 475 3709 multis
497 3644 538 3710 ad
554 3645 725 3711 Christum
747 3643 948 3730 oolliqeudis.
993 3643 1069 3709 Non
1084 3664 1163 3727 pen·
1215 3645 1368 3729 auspioiis
1396 3654 1446 3709 est
1474 3652 1675 3726 oonssorata,
1703 3655 1737 3709 et
1758 3646 1850 3729 quasi
1875 3645 2068 3711 interiorem
2094 3641 2196 3711 habat

185 3731 242 3809 det
264 3730 394 3814 quidam
417 3731 489 3796 eius
511 3729 594 3797 fides
616 3752 635 3794 a
656 3749 817 3809 suooessu‚
841 3740 879 3795 ut
901 3730 974 3795 ideo
992 3729 1164 3795 eradamus
1216 3729 1369 3807 radioem,
1392 3750 1493 3813 quum
1515 3730 1678 3798 amioitiae
1692 3731 1840 3797 earnales
1858 3731 1899 3797 ab
1922 3731 2072 3795 externis
2086 3727 2195 3796 musio

187 3817 264 3899 quia
286 3815 381 3880 multi
404 3816 551 3882 eredunt.
596 3816 737 3881 Etiamsi
754 3817 927 3882 universus
950 3815 1094 3881 muudus
1109 3814 1163 3882 da·
1215 3816 1389 3900 pendeant.

186 3902 283 3978 haist,
308 3900 437 3968 etiamsi
460 3902 584 3966 eoelum
612 3903 719 3986 ipsum
742 3911 829 3968 ruat:
860 3921 928 3969 non
950 3901 1045 3967 debet
1068 3900 1163 3967 saoil-

187 3988 257 4052 lare
279 3988 325 4070 pii
340 3986 485 4053 hominis
507 3988 722 4054 oonsoientia:
744 3989 821 4072 quia
836 3985 927 4053 Deus
942 3987 1164 4067 nihilomiuus,
1301 3987 1332 4052 9.
1354 3984 1525 4070 Propterea
1552 4006 1751 4087 nosqssoque
1778 4007 1817 4052 ea
1839 4007 1900 4070 qao
1920 3986 1972 4052 die
1998 3986 2193 4087 eadwines,

187 4072 1086 4258 :uetuitaaa:::¹fl::¹¹:a:5:::
1100 4094 1165 4224 a:
1216 4073 1762 4244 :atala
1777 4070 2194 4258 :tow
2112 4177 2191 4257 a

188 4246 346 4310 virtutem
369 4254 540 4328 perspsort:
567 4265 650 4328 quae
678 4258 766 4312 oerte
794 4266 832 4311 eo
861 4247 1026 4329 potentius
1053 4266 1089 4310 se
1110 4265 1165 4310 ex·
1216 4246 1322 4312 dedra
1357 4245 1535 4329 apbitsala':
1579 4246 1628 4313 10.
1657 4250 1693 4311 at
1724 4244 1890 4311 umbaldi:
1920 4245 2014 4328 atras
2041 4242 2127 4322 Da,
2159 4261 2192 4309 ss

190 4331 277 4408 serit,
302 4349 367 4413 quo
390 4329 501 4413 plures
523 4330 655 4398 Christo
677 4331 856 4397 luoriflunt.
901 4330 995 4396 Adde
1021 4329 1107 4415 quod
1130 4333 1164 4396 in
1216 4350 1304 4398 amne
1326 4330 1517 4414 obsequium,
1538 4333 1576 4397 ἑκ
1595 4333 1681 4398 omsa'
1702 4331 1778 4398 bosa
1800 4350 1889 4413 apere
1908 4329 2192 4413 mdfimtesd

188 4416 399 4481 multitudine
420 4415 621 4483 tradentium
653 4428 732 4483 tuno
754 4416 1010 4501 perspioiabatur
1038 4429 1087 4481 tot
1109 4437 1164 4482 va·
1216 4423 1379 4483 arescentes
1403 4421 1440 4483 s'a
1467 4418 1637 4502 apetiam
1662 4416 1743 4483 Des':
1788 4418 1838 4482 ll.
1861 4415 1948 4483 amsi
1974 4414 2082 4482 robore
2111 4414 2192 4482 robo-

189 4502 380 4567 tioiuiorum
401 4503 686 4587 eomplameutum‚
709 4523 791 4585 quae
814 4501 940 4568 Obristi
962 4523 1102 4588 ragnum
1125 4503 1165 4567 ab
1216 4504 1289 4582 rats,
1318 4503 1489 4570 aeneadum
1512 4504 1685 4588 potetstiam
1715 4503 1837 4587 qlert’ae
1862 4502 1976 4586 {pm
2010 4502 2047 4568 ὴ
2073 4519 2192 4568 essm

189 4587 316 4654 oriente
337 4588 372 4652 iu
394 4590 595 4656 ooaidentem
619 4588 810 4654 extendunt.
856 4590 911 4654 Au
937 4589 999 4654 hoo
1025 4608 1165 4673 parvum
1216 4587 1416 4655 tolerantiam
1436 4590 1679 4672 dpatientiam,
1699 4607 1772 4655 oasa
1789 4588 1917 4674 qasds‘a.

188 4684 249 4759 est,
271 4682 331 4739 aut
352 4675 487 4762 vulgare
509 4675 586 4741 fidei
608 4673 853 4756 admiuioulum,
874 4674 976 4742 oeulis
997 4673 1164 4758 impletum

189 4781 324 4828 eernere
346 4760 386 4826 de
414 4782 516 4847 ragno
539 4761 666 4828 Christi
688 4781 748 4845 per
769 4779 884 4826 omues
906 4760 994 4827 orbis
1013 4762 1166 4847 regiones
1303 4761 1333 4828 9.
1357 4760 1526 4844 Propterea
1549 4781 1607 4829 tos
1626 4779 1754 4846 queque.
1799 4759 1893 4828 Siout
1914 4761 1949 4824 iu
1971 4756 2191 4844 gratulatione

190 4846 367 4922 dilatando,
391 4847 475 4930 quod
499 4848 678 4932 prophetae
701 4845 799 4931 longe
813 4856 890 4912 ante
911 4843 1165 4930 praedixerant?
1217 4867 1362 4913 amorem
1385 4869 1464 4933 arga
1485 4865 1541 4915 sos
1562 4867 1659 4915 suum
1681 4848 1771 4932 prius
1792 4845 1950 4912 ostendit:
1976 4848 2025 4911 ita
2046 4864 2140 4912 nuno
2159 4842 2193 4909 in

190 4933 287 5013 Quod
311 4932 391 5012 dieo,
422 4953 517 4999 nemo
539 4941 589 5001 ast
616 4933 760 5000 fidelium
784 4933 840 5017 qui
862 4953 929 4998 nou
954 4933 988 4998 in
1012 4953 1046 4997 sa
1068 4952 1165 5016 expe·
1217 4933 1326 4999 studio
1355 4932 1517 5017 praeandi.
1567 4934 1720 5000 lateam
1748 4934 1849 4998 utin
1877 4930 2059 5015 quibusque
2088 4929 2193 5016 msq‘u

190 5019 305 5085 matur.
349 5017 464 5086 Voluit
493 5021 594 5106 igitur
616 5019 739 5086 Paulus
761 5018 972 5086 Oolosseuaes
1001 5017 1062 5083 hao
1091 5038 1165 5084 sen·
1217 5021 1391 5104 oauspioua
1418 5029 1470 5086 est
1492 5020 1556 5086 Dei
1584 5020 1708 5105 grstia:
1736 5018 1784 5084 ita
1810 5017 2019 5103 peouliaritar
2039 5014 2193 5101 amplsoti

190 5106 297 5170 tantia
319 5106 424 5190 magis
446 5105 606 5172 animare:
636 5117 674 5172 ut
695 5106 816 5190 passim
843 5104 1044 5188 respioiendo
1066 5124 1165 5169 evau-
1215 5125 1271 5171 eos
1299 5113 1335 5171 et
1362 5104 1469 5172 oolera
1495 5104 1659 5190 debemus,
1690 5124 1729 5170 ao
1758 5102 1799 5170 de
1826 5104 1958 5170 illorum
1987 5103 2097 5170 salute
2123 5118 2197 5169 ns

190 5187 268 5274 gelii
305 5190 448 5257 lruotum
485 5203 517 5259 et
554 5204 748 5277 augmenta,
786 5189 867 5256 illud
904 5190 1060 5257 alaosiore
1096 5188 1165 5256 selo
1216 5190 1355 5258 sollieiti.
1410 5190 1499 5274 Quid
1537 5199 1646 5258 autem
1678 5189 1744 5257 illle
1776 5192 1951 5275 pretatur?
2005 5188 2053 5257 Ut
2085 5187 2196 5255 Deum

190 5275 476 5361 ampleotsrentur.
519 5275 745 5364 Δῡξανόμινον
775 5278 807 5342 iu
834 5276 1029 5362 quibusdam
1057 5296 1168 5344 exem
1216 5277 1346 5363 planius
1381 5281 1588 5364 eognosoaut
1643 5274 1718 5360 Quo
1750 5275 1947 5359 subindieat‚
1983 5274 2053 5343 illis
2085 5273 2195 5343 adhue
