4762 6016
557 1456 588 1534 C
592 1451 740 1534 APUT
761 1451 796 1532 Ι,
1217 1450 1355 1518 diceret:
1394 1451 1532 1518 Mutuus
1569 1460 1618 1518 est
1653 1451 1739 1518 inter
1771 1471 1880 1519 meum
1913 1452 2129 1538 apostolatum
2161 1463 2194 1522 et

1216 1536 1314 1602 tidem
1333 1538 1508 1607 aleatorum
1532 1536 1598 1603 Dei
1623 1559 1817 1605 consensus:
1847 1558 1950 1621 quare
1971 1538 2063 1605 illum
2086 1560 2191 1621 nemu,

274 1626 302 1691 1.
337 1623 472 1709 Paulus,
508 1642 617 1690 seruus
641 1619 720 1703 Dei,
756 1619 915 1705 apostotus
950 1625 1053 1688 autem
1086 1621 1163 1689 Iesu
1216 1623 1281 1688 nisi
1299 1623 1458 1708 reprobus
1476 1632 1509 1690 et
1524 1642 1544 1688 a
1558 1634 1646 1691 reeta
1660 1622 1724 1690 tide
1739 1625 1877 1702 alienus,
1895 1625 2028 1693 reiieiat.
2062 1624 2191 1695 eleetos

188 1711 306 1780 carmi·
333 1711 501 1778 mouudmu
527 1708 621 1792 fidem
648 1707 807 1774 electorum
828 1707 893 1774 Dei
919 1712 948 1774 et
973 1708 1162 1792 aquilonem
1216 1728 1313 1794 perro
1345 1709 1512 1793 intelligit,
1545 1731 1610 1776 non
1642 1708 1735 1776 modo
1764 1711 1819 1795 qni
1848 1721 1928 1776 tuno
1958 1719 2052 1778 erant
2080 1733 2190 1796 super·

184 1799 328 1866 ueritatis
351 1797 430 1880 mus,
459 1815 540 1878 quae
560 1793 730 1860 numadum
745 1793 894 1875 piantem
913 1798 966 1872 eat,
999 1794 1030 1860 2.
1052 1795 1089 1860 im
1108 1815 1163 1877 spe
1215 1797 1317 1873 stitus,
1337 1794 1393 1861 sed
1409 1797 1594 1880 quicunque
1610 1795 1737 1863 fuerant
1753 1797 1794 1863 ab
1809 1797 1904 1862 initio
1919 1795 2046 1864 mundi.
2080 1795 2192 1883 Signi·

185 1884 269 1952 uitae
304 1887 447 1949 aeternae
482 1900 578 1963 queam
609 1880 761 1962 mammii
780 1881 822 1962 ie,
853 1880 910 1964 qui
940 1881 1069 1946 mentiri
1099 1899 1163 1946 mou
1215 1881 1292 1946 linat
1321 1880 1408 1947 enim
1440 1880 1564 1947 nullum
1594 1903 1630 1948 se
1659 1881 1840 1949 doetrinam
1871 1883 1989 1950 afferre
2018 1903 2103 1968 quae
2130 1905 2195 1950 nou

180 1973 293 2054 potest,
315 1967 420 2049 Deae,
438 1971 509 2033 uate
529 1971 667 2048 umpora
683 1965 872 2047 ammulario,
903 1965 934 2033 3.
950 1965 1163 2049 manifestavit
1214 1975 1376 2051 nongruat
1412 1986 1486 2032 oum
1519 1967 1584 2033 fide
1616 1967 1772 2035 Abrahae
1805 1978 1838 2034 et
1869 1971 2017 2036 omnium
2051 1977 2193 2053 petrum.

186 2059 292 2122 autern
313 2053 463 2136 propriis
486 2053 683 2135 oupertus,
711 2071 878 2118 emmonem
899 2071 994 2118 auum
1014 2052 1051 2117 iu
1067 2072 1160 2135 prae
1214 2051 1268 2117 Ita
1289 2053 1318 2117 si
1339 2053 1412 2135 quis
1434 2051 1532 2118 hodia
1554 2053 1649 2120 Pauli
1671 2054 1785 2122 haberi
1806 2055 1880 2122 vult
1901 2074 2076 2134 suanenses,
2107 2056 2193 2122 eins·

185 2140 342 2208 amotione
367 2159 447 2222 quoe
475 2138 556 2205 mitti
584 2138 749 2205 commissa
778 2142 824 2203 eat
843 2140 1013 2206 umatum
1034 2139 1163 2206 ardima-
1215 2137 1289 2203 dem
1326 2158 1362 2205 se
1395 2137 1561 2205 doetrinae
1594 2141 1783 2207 ministrum
1817 2141 1933 2225 probet
1965 2160 2101 2208 neeesse
2133 2149 2193 2208 est.

185 2227 298 2294 rouen
325 2226 493 2293 senatoris
521 2226 622 2290 meatui
643 2223 725 2291 Dei:
767 2223 798 2290 4.
824 2223 905 2302 Tito,
928 2243 1075 2308 germem
1094 2224 1163 2306 fitia
1217 2222 1280 2292 Sed
1300 2225 1335 2290 iu
1356 2223 1408 2289 hie
1427 2224 1532 2292 uerbis
1552 2226 1648 2292 uate
1668 2245 1787 2310 quaque
1807 2227 1973 2294 antithesis
1992 2226 2118 2294 iaetuesa
2139 2231 2193 2312 aa,

185 2314 354 2380 mmudum
374 2330 565 2378 communem
583 2310 686 2393 fidem
705 2310 821 2394 motio,
841 2309 1067 2391 mumumdia,
1085 2329 1163 2393 pate,
1215 2330 1255 2376 me
1287 2309 1366 2393 quid
1396 2311 1554 2396 evaugelio
1585 2311 1707 2396 deroqet
1736 2313 1906 2379 multorum
1933 2313 2140 2380 incredulitas
2166 2318 2194 2380 et

187 2397 296 2466 aDea
313 2402 404 2482 patre
424 2395 606 2465 etDumu'uo
624 2395 701 2461 Iesu
714 2392 849 2478 Christo,
869 2399 1027 2462 amatore
1047 2400 1163 2462 metro.
1215 2397 1421 2464 mtumaeia.
1460 2396 1547 2462 Nam
1568 2401 1639 2464 tutta
1659 2399 1804 2480 infirmos
1825 2398 1873 2483 (ut
1892 2397 1995 2485 hodie)
2008 2398 2194 2466 motum

187 2505 190 2516 ·
1216 2481 1272 2548 me
1292 2480 1382 2550 vaide
1401 2481 1554 2562 turbabat,
1577 2503 1672 2566 quum
1683 2505 1799 2568 eorum,
1820 2487 1877 2568 qui
1897 2505 1931 2551 se
1947 2485 2088 2552 aedeeiae
2103 2485 2193 2551 tituto

274 2569 304 2635 1.
328 2568 447 2636 &tout
466 2566 541 2634 Dei.
585 2567 713 2633 Indiuut
743 2576 809 2632 tum
836 2567 935 2653 lunga
957 2575 990 2632 et
1011 2575 1163 2633 aoeurata
1214 2567 1428 2652 venustatam,
1462 2569 1566 2636 maiar
1600 2588 1681 2651 pars
1709 2591 1829 2655 puram
1863 2569 1987 2637 otetur·
2021 2571 2192 2637 dedmmom

186 2656 387 2740 apostolatus
402 2653 649 2731 sommendatio,
664 2652 820 2721 euolesiae
834 2654 940 2738 magis
954 2673 1052 2736 quam
1065 2653 1162 2718 unius
1214 2659 1379 2738 respueret.
1426 2654 1531 2737 Quare
1553 2652 1686 2736 Paulus,
1715 2657 1786 2724 lieet
1844 2657 1978 2724 amieme
1998 2654 2064 2722 Dei
2082 2675 2194 2724 mmm

187 2742 253 2808 Titi
276 2741 422 2808 habitum
445 2762 465 2806 a
486 2740 592 2806 Paulo
615 2741 786 2805 rationem.
833 2738 918 2804 Nam
940 2739 1011 2804 eius
1033 2748 1161 2824 apostu-
1215 2759 1320 2806 omues
1346 2741 1469 2823 iaeteut,
1498 2739 1657 2822 phorimon
1684 2762 1724 2809 ea
1752 2747 1805 2808 tur
1869 2742 1930 2810 ulia
1957 2741 2102 2826 reprobae
2128 2761 2195 2809 ease

186 2828 274 2894 lutus
303 2837 397 2895 extre
426 2825 787 2908 uontroversiumapud
811 2825 1024 2890 uitauerat.
1069 2823 1163 2892 Solet
1214 2826 1313 2892 daed:
1341 2827 1600 2910 quenadmodum
1628 2827 1707 2894 attur·
1733 2828 1845 2914 (Rom.
1873 2828 1903 2907 9,
1933 2825 1968 2915 i)
1994 2829 2104 2912 unat,
2132 2847 2194 2893 mom

188 2922 296 2980 eutem
319 2912 444 2979 Paulus
473 2932 552 2979 auae
574 2910 755 2979 venationis
783 2911 889 2996 elogia
911 2909 1099 2994 praedieare
1121 2910 1162 2977 ad
1214 2931 1326 2994 mate,
1343 2913 1399 2996 qui
1410 2931 1509 2997 gemus
1522 2913 1867 2982 ammanuensium
1879 2914 2049 2982 aunuum
2057 2931 2194 2996 taam

187 3000 396 3066 autoritatem
419 2998 482 3066 sibi
503 2998 721 3065 uastandam.
758 2995 875 3081 Itaque
893 3010 930 3063 ut
944 2995 1077 3063 effeetus
1091 3016 1162 3062 esee
1214 3017 1281 3065 ease
1374 2998 1454 3065 imos
1474 2998 1625 3066 Amatae
1642 2998 1736 3082 filios.

186 3086 277 3151 videt
305 3086 423 3169 quibus
449 3085 572 3168 seribit,
601 3084 649 3149 ita
675 3083 799 3150 multus
821 3091 872 3149 eet
893 3084 926 3149 in
949 3103 985 3148 sa
1007 3082 1163 3164 ornando,
1301 2997 1569 3170 &eutitianam
1613 3083 1771 3170 copulam
1800 3086 1855 3154 hie
1884 3086 2072 3172 exagetiouo
2094 3085 2192 3170 purti-

186 3172 239 3239 vel
273 3192 400 3256 paruus.
450 3171 516 3238 Hie
548 3167 702 3256 quoniam
734 3168 783 3235 illi
816 3167 1018 3254 propositum
1047 3177 1098 3235 est
1125 3168 1162 3235 in
1214 3171 1309 3236 oulue
1329 3169 1400 3237 loeo
1421 3170 1559 3254 positam
1582 3173 1713 3257 euuigiu,
1736 3191 1855 3256 nempe
1878 3173 1930 3238 vel
1953 3172 2085 3239 sailioet.
2122 3172 2190 3237 llx-

186 3257 337 3324 ordinem
360 3278 415 3324 eus
436 3277 553 3342 eogere
575 3257 630 3340 qui
652 3275 688 3321 so
711 3262 862 3340 proterve
879 3253 1068 3336 afferebant,
1089 3254 1163 3321 ideo
1215 3257 1308 3341 ponit
1344 3257 1432 3322 anim
1468 3256 1575 3339 qualia
1611 3259 1656 3323 eit
1691 3257 1748 3325 illu
1785 3259 1866 3324 fides
1901 3260 1996 3325 auius
2030 3256 2188 3322 meminit

187 3345 361 3430 magnifiee
389 3343 606 3428 apostolatum
636 3361 734 3408 suum
756 3340 896 3408 extollit.
941 3339 1062 3410 Suribit
1083 3362 1162 3427 ergo
1215 3341 1424 3424 Quamquam
1454 3363 1521 3408 nou
1548 3351 1599 3409 eat
1625 3343 1723 3427 plene
1751 3345 1823 3410 eius
1853 3344 2015 3412 delinitio:
2047 3342 2105 3409 sed
2134 3342 2191 3409 tie·

188 3451 253 3497 non
283 3449 365 3516 quaa
387 3430 483 3496 Titus
511 3430 546 3494 in
575 3427 724 3496 oubioulo
753 3427 841 3494 solus
869 3427 968 3514 legat,
996 3427 1054 3493 aed
1080 3446 1163 3512 quae
1216 3429 1349 3513 seriptiu
1369 3427 1411 3493 ud
1433 3427 1494 3496 loui
1516 3431 1696 3512 praesentis
1717 3430 1997 3498 eiruumatuntium
2015 3448 2191 3497 uuoommu

186 3516 332 3600 proferat
354 3518 388 3582 in
406 3515 587 3668 Sublioum.
623 3515 736 3581 Primo
758 3534 793 3581 se
815 3513 893 3580 Dei
914 3533 1081 3581 servum
1104 3534 1161 3598 ap·
1215 3512 1301 3580 datu.
1353 3511 1459 3580 Suum
1492 3515 1580 3581 enim
1614 3515 1831 3599 apostolatum
1865 3526 1903 3583 ut
1936 3517 1977 3583 ab
2008 3515 2098 3582 omni
2131 3517 2193 3581 im·

186 3601 300 3688 pellat,
330 3603 403 3669 dein
428 3622 447 3669 e
476 3600 647 3668 ministerii
670 3603 722 3667 sui
744 3599 886 3686 speeiem
912 3599 1013 3680 addit,
1044 3619 1163 3683 nempe
1214 3608 1349 3683 pastura
1378 3608 1412 3664 et
1441 3620 1550 3666 errore
1579 3609 1713 3682 asserat,
1742 3602 1825 3668 nihil
1854 3603 2037 3670 eontinere·
2052 3609 2193 3669 testatur

187 3691 274 3773 quud
305 3690 348 3756 sit
377 3688 543 3756 Christi
572 3686 809 3770 apostolus.
858 3684 948 3754 Sunt
969 3687 1055 3751 enim
1080 3685 1164 3753 varii
1216 3685 1279 3752 nisi
1307 3694 1429 3752 eertum
1460 3695 1494 3752 et
1518 3700 1718 3771 compertam
1740 3689 1913 3755 veritatem
1936 3709 2020 3772 quoe
2043 3686 2194 3755 humina

228 3775 310 3842 udus
336 3776 424 3841 inter
446 3775 508 3841 Dei
530 3794 654 3839 servus.
698 3771 756 3840 Sin
777 3794 798 3837 a
819 3772 998 3858 generent
1021 3772 1162 3855 speeiem
1215 3771 1257 3837 ud
1284 3792 1401 3857 purum
1425 3769 1488 3839 Dei
1511 3773 1635 3839 uultum
1658 3774 1818 3841 instituet.
1863 3774 1930 3842 Sed
1954 3773 2032 3860 quia
2054 3773 2193 3859 singulis

187 3797 362 3928 {aseendit
400 3859 593 3926 (tenendum
615 3859 714 3925 etium
738 3859 896 3924 memorie
914 3856 1067 3941 estquod
1085 3854 1163 3921 ulibi
1216 3857 1325 3923 ‘verbis
1339 3859 1426 3924 inest
1440 3868 1534 3923 suunt
1551 3858 1694 3942 pondus‚'
1711 3860 1877 3945 sigillatim
1901 3870 2054 3926 exentera
2075 3878 2193 3944 operae

187 3947 265 4024 dixi,
288 3947 375 4014 servi
397 3968 516 4012 numen
535 3944 692 4011 hiouliud
708 3964 826 4010 sonere
842 3965 939 4028 quam
956 3962 1163 4009 eommunem
1216 3945 1358 4028 pretium
1387 3954 1446 4010 ast.
1484 3944 1638 4010 ¹Primum
1666 3966 1767 4029 quum
1791 3946 1873 4012 tides
1896 3947 2020 4031 uguitio
2041 3945 2190 4011 nomina·

188 4033 438 4112 subiectionem,
471 4032 613 4115 qualiter
645 4032 732 4097 servi
760 4030 824 4095 Dei
857 4040 1020 4096 venantur
1051 4049 1164 4095 omnes
1216 4042 1280 4111 tur,
1314 4049 1379 4095 non
1415 4029 1455 4095 ab
1482 4031 1636 4113 opinione
1665 4033 1862 4098 dissernitur
1889 4042 2031 4112 tantum,
2062 4030 2119 4098 sad
2151 4029 2192 4095 ab

186 4119 316 4185 fideles:
343 4119 398 4185 sed
422 4119 523 4201 auuipi
547 4137 606 4200 pro
628 4118 788 4200 ministro,
810 4116 862 4181 uui
884 4127 1010 4182 eertum
1035 4112 1165 4199 aliquod
1215 4115 1347 4181 informi
1370 4115 1424 4180 illo
1447 4117 1647 4199 papistarum
1671 4119 1838 4204 figmento.
1881 4117 1997 4184 Fidem
2021 4118 2108 4183 enim
2131 4117 2193 4182 im·

188 4225 309 4271 munus
340 4205 520 4270 iniunctum
551 4214 609 4270 est.
654 4202 728 4285 Quo
756 4223 853 4267 sensu
883 4202 959 4267 olim
987 4199 1165 4284 prophetae
1217 4201 1362 4284 plinitum
1399 4205 1573 4267 uommenti
1610 4212 1687 4268 sunt
1723 4205 1811 4270 omni
1847 4204 2084 4288 intelligentiae
2121 4202 2192 4268 luoe

188 4288 249 4355 hoe
276 4291 371 4356 titulo
393 4291 672 4376 insigniebantur:
704 4298 737 4354 et
759 4287 912 4354 Christus
933 4289 1003 4371 ipso
1025 4287 1166 4371 prophe·
1218 4307 1364 4352 vanuum.
1400 4288 1446 4352 At
1461 4288 1585 4354 Paulus
1608 4289 1684 4355 dum
1708 4291 1794 4356 istud
1816 4291 1891 4356 fidei
1914 4290 2006 4374 quasi
2023 4289 2191 4373 proprium

187 4390 294 4441 tarum
329 4386 443 4459 eaput:
478 4375 558 4443 Eece
590 4396 698 4442 servus
729 4394 831 4458 meus,
863 4374 942 4458 elegi
975 4393 1054 4439 eum.
1112 4372 1166 4439 Sia
1217 4373 1373 4457 assignat,
1396 4375 1567 4439 veritatem
1591 4394 1793 4461 eugnuseere,
1816 4377 1939 4442 nullum
1962 4387 2049 4440 uerte
2071 4376 2193 4458 absque

188 4460 307 4543 Dauid,
329 4465 436 4546 regiae
456 4462 621 4547 diguitatis
642 4461 768 4542 iutuitu,
790 4480 912 4525 emaum
927 4459 991 4527 Dei
1011 4479 1045 4525 ee
1066 4459 1166 4524 momi-
1217 4459 1334 4524 notitia
1363 4479 1434 4524 esee
1463 4460 1571 4539 fidem,
1601 4462 1710 4544 palum
1739 4462 1891 4527 ostendit.
1933 4462 1979 4527 llt
2006 4462 2193 4527 innomine

188 4553 251 4615 uat.
295 4548 459 4613 Fortassis
488 4549 586 4613 etiam
616 4558 749 4631 propter
777 4545 917 4611 Iudaeos
947 4565 1077 4611 servum
1101 4543 1165 4610 Dei
1218 4545 1422 4611 veritatis
1444 4545 1561 4611 melius
1576 4547 1770 4630 exprimitur
1783 4547 1952 4626 uertitndu,
1976 4568 2072 4632 quam
2089 4544 2193 4629 exigit

190 4654 225 4702 ae
255 4634 436 4717 praediuut:
471 4637 622 4717 quoniam
653 4632 803 4700 solebant
831 4632 978 4715 opposite
1006 4630 1078 4714 lege
1108 4654 1165 4697 ex·
1217 4630 1293 4697 fidei
1321 4640 1448 4697 natura.
1499 4631 1614 4718 Neque
1645 4634 1731 4698 enim
1761 4631 1842 4696 fides
1872 4633 2030 4717 probabili
2059 4633 2190 4698 ratione

190 4732 326 4786 tenuare
355 4722 425 4785 eins
454 4721 563 4784 fidem.
608 4721 698 4803 Ergo
728 4721 773 4782 ita
796 4718 869 4783 vult
898 4717 1011 4782 haberi
1041 4717 1166 4784 Christi
1218 4726 1456 4797 contemnent,
1486 4717 1956 4799 nisiverumipsumteneat.
2000 4719 2104 4784 Porro
2127 4737 2192 4782 nou

189 4806 365 4889 apostulus,
397 4819 435 4869 nt
464 4820 572 4872 tamen
602 4806 761 4888 glorietur
789 4825 824 4868 se
846 4803 918 4869 Deo
944 4817 1077 4868 aeterno
1100 4824 1165 4868 ser·
1218 4803 1258 4867 tle
1291 4801 1436 4887 qualibet
1464 4806 1605 4870 veritate
1638 4803 1691 4870 hio
1719 4803 1871 4886 loquitur,
1904 4804 1960 4871 sed
1989 4804 2029 4871 de
2058 4803 2191 4872 eoelesti

189 4895 270 4957 vire.
308 4892 362 4958 Ita
384 4890 460 4959 haee
480 4893 542 4959 duo
564 4893 662 4976 elogia
683 4911 747 4956 mou
763 4891 851 4956 modo
868 4890 999 4955 interae
1016 4889 1166 4974 aeuum,
1219 4889 1375 4969 latrina,
1407 4909 1489 4972 quae
1513 4890 1676 4956 humanae
1697 4889 1818 4955 mentis
1840 4891 1979 4956 vanitati
2005 4890 2191 4975 opponitur.

188 4979 244 5044 sed
265 4998 349 5044 amu
367 4979 531 5045 indiuiduo
552 4980 714 5044 uaniuueta
735 4996 801 5043 esse
821 4977 912 5042 dotet.
1219 4974 1303 5040 Nam
1333 4975 1427 5040 sieuti
1457 4995 1515 5058 per
1544 4976 1631 5041 illam
1660 4995 1696 5040 se
1724 4975 1817 5041 nobis
1839 4976 1930 5043 Deus
1956 4977 2117 5059 pateleuit,
2147 4974 2192 5039 ita

277 5063 450 5130 Secundum
480 5064 582 5146 fidem.
634 5063 673 5130 Si
707 5064 778 5146 quis
812 5062 851 5128 de
884 5062 954 5127 eius
983 5060 1166 5144 apostolatu
1219 5060 1288 5125 sule
1318 5060 1380 5126 hou
1406 5060 1528 5125 honore
1551 5061 1652 5145 digna
1673 5069 1738 5124 est:
1768 5062 1864 5127 sieuti
1887 5064 2007 5145 passim
2030 5063 2192 5144 seripturu

189 5148 326 5229 dubitet,
355 5152 479 5235 optima
506 5151 634 5215 ratione
663 5149 761 5215 fidem
791 5148 837 5213 illi
870 5146 1030 5228 euneiliat,
1059 5148 1166 5231 ipsum
1220 5145 1361 5212 tribuere
1376 5144 1423 5209 illi
1444 5144 1535 5211 solet.
1572 5145 1712 5225 Iuh.16,
1730 5146 1781 5228 13,
1805 5148 1850 5212 itt
1868 5148 2076 5231 spiritusvoa
2095 5148 2192 5212 duest

189 5255 261 5303 oum
295 5235 400 5303 salute
423 5235 658 5303 electorum
684 5235 760 5301 Dei
793 5234 1003 5319 euniungens.
1059 5236 1108 5298 Au
1139 5231 1168 5297 si
1192 5284 1194 5315 ;
1219 5232 1254 5294 in
1286 5250 1416 5295 omnem
1447 5230 1632 5299 veritatem.
1683 5232 1775 5299 ldem
1800 5232 1851 5311 17,
1884 5231 1933 5309 1t,
1966 5230 2084 5299 Sermo
2114 5241 2191 5296 tuus
