4762 6016
202 344 265 415 ut
1093 341 1244 411 CAPUT
1265 342 1311 409 ΙΙ.
1336 398 1339 403 ,
2144 342 2211 409 146

200 535 349 622 dignum,
370 534 456 618 quod
478 555 538 617 pro
559 554 618 618 sps
639 544 792 600 aeternae
810 533 925 599 salutis
941 535 1033 617 ponit
1047 535 1175 602 Christi
1225 536 1420 620 margolium
1441 533 1516 614 Dei,
1543 553 1614 600 arm
1643 534 1740 600 mutto
1765 535 1940 601 certamino.
1985 534 2017 603 3.
2042 535 2130 603 Nam
2151 558 2207 604 ea·

199 622 484 705 exspectationem.
537 619 622 686 Nam
658 632 748 688 certe
782 620 853 686 sine
887 620 1021 686 Christo
1057 619 1174 704 perditi
1224 621 1357 688 hortatio
1384 625 1492 687 rocha
1519 640 1582 686 aar
1607 639 1647 684 aa
1679 619 1864 703 inportare,
1892 640 1988 702 aare
2009 640 2049 687 aa
2070 622 2206 692 baraso-

199 726 315 781 sumns
349 726 389 773 ac
424 705 600 791 desperati:
637 705 692 772 ubi
729 716 838 772 antem
871 705 980 789 prodit
1011 704 1173 792 Christus,
1223 707 1316 787 aaa,
1344 726 1441 788 rugae
1468 705 1505 771 io
1531 705 1621 772 doh:
1664 704 1772 772 daed
1797 705 2057 789 quemadmodum
2074 709 2206 789 probati

198 792 298 859 simul
327 791 464 877 affulget
484 790 553 858 vita
582 799 616 858 et
642 792 852 874 prosperitas.
897 790 964 858 Sed
987 790 1048 859 hoc
1070 791 1172 858 tideli-
1221 792 1346 875 [aionas
1377 811 1399 857 a
1431 790 1501 858 Deo
1533 796 1569 857 at
1597 790 1770 859 aeream
1800 790 1886 857 cobis
1919 791 2122 880 eremeticam,
2155 798 2203 865 eie

198 877 260 949 bus
286 886 415 945 tautum
443 877 505 943 dici
534 877 798 943 meminerimus:
828 897 906 942 nam
936 877 1034 942 sicuti
1063 877 1173 961 impiis
1222 878 1391 960 loquitar,
1414 897 1475 943 nors
1495 877 1588 960 quasi
1609 875 1787 943 homicidas
1797 875 1966 960 placentes,
1987 877 2043 943 sed
2061 877 2129 946 Dec
2145 883 2202 964 gai

198 972 358 1032 venturus
386 972 436 1029 est
461 961 573 1042 iudex,
601 963 648 1026 ita
669 961 753 1028 nihil
774 981 871 1045 quam
895 982 1109 1045 expavescere
1131 962 1173 1028 ad
1220 964 1332 1047 probat
1352 961 1450 1030 corda
1470 967 1587 1029 rostra.

196 1049 269 1117 cius
295 1049 571 1131 exspectationem
601 1056 746 1131 possum.
791 1050 900 1130 Atque
930 1047 992 1115 hoc
1014 1048 1171 1132 estquod

197 1144 312 1219 postea
339 1133 478 1212 subiicit,
507 1131 677 1200 Christum
705 1153 765 1201 nos
793 1132 935 1199 liberere
957 1134 998 1199 ab
1020 1135 1071 1199 ira
1093 1155 1171 1200 van·
1310 1135 1339 1200 1.
1363 1133 1436 1215 Ipsi
1452 1133 1535 1198 caim
1550 1133 1657 1199 acatia
1694 1132 1790 1198 Nunc
1807 1134 1927 1199 omisso
1945 1133 2084 1200 aliarum
2100 1136 2201 1204 eccle-

198 1231 284 1287 tura.
336 1219 409 1284 Hoc
441 1219 529 1284 enim
563 1240 628 1285 non
662 1218 718 1284 alii
750 1219 906 1299 sentiunt,
940 1220 1002 1286 uisi
1031 1220 1086 1303 qui
1116 1241 1173 1303 per
1224 1219 1346 1285 siarum
1369 1221 1566 1299 testimonio,
1587 1217 1622 1283 in
1637 1220 1828 1284 memoriam
1844 1228 1976 1287 revocat
1990 1220 2200 1289 Thessaloni·

196 1304 296 1379 fidem
326 1304 398 1371 Deo
428 1304 626 1371 reconciliati
659 1305 725 1370 iam
764 1317 912 1388 pacatam
941 1305 1172 1371 conscientiam
1223 1304 1376 1371 censibus
1401 1323 1484 1388 quae
1505 1305 1568 1388 ipsi
1590 1304 1716 1387 experti
1738 1313 1848 1370 erant:
1879 1325 1917 1372 ac
1940 1303 2044 1373 iusim
2066 1309 2202 1390 exponit

197 1390 354 1459 habeant:
373 1390 453 1457 alias
468 1389 671 1457 formidabile
686 1391 819 1456 esteira
833 1411 965 1457 nornen.
997 1391 1171 1458 Caeterum
1223 1390 1363 1473 qualiter
1392 1412 1428 1457 se
1456 1391 1592 1474 gesserit
1620 1389 1706 1472 apud
1735 1409 1800 1474 eos,
1830 1395 1864 1455 et
1885 1390 2035 1458 similiter
2057 1393 2112 1458 alii
2135 1393 2200 1461 duc

196 1476 351 1543 liberavit
383 1496 443 1541 nos
475 1477 604 1557 quidem
638 1488 744 1542 morte
775 1497 837 1542 sua
863 1476 1017 1543 Christus
1049 1477 1090 1542 ab
1122 1478 1173 1542 ira
1223 1476 1383 1560 collegae:
1414 1475 1492 1558 quia
1520 1475 1581 1541 hoc
1610 1475 1789 1558 plurimum
1819 1474 1960 1542 habebat
1980 1477 2134 1560 ponderis
2156 1479 2200 1546 ad

197 1560 280 1627 Dei:
303 1561 359 1627 sed
382 1559 460 1645 quid
482 1561 633 1628 liberatio
657 1562 715 1626 illa
740 1561 856 1644 redeat,
879 1561 1002 1645 patebit
1025 1568 1172 1627 extremo
1223 1559 1479 1628 confirmandam
1501 1579 1614 1626 ccrum
1630 1560 1736 1626 fidem.
1774 1560 1860 1626 Nam
1875 1560 1938 1626 hoc
1951 1562 2090 1630 consilio
2105 1586 2200 1631 suam

197 1647 263 1715 dic.
307 1647 448 1714 Constat
477 1659 585 1713 autem
614 1647 778 1714 sententia
805 1648 886 1713 haec
915 1646 1043 1714 duobus
1071 1668 1171 1713 mem·
1223 1646 1446 1732 integritatem
1474 1645 1650 1731 praedicat,
1681 1657 1718 1711 nt
1738 1645 2046 1715 Thessalonicenses
2076 1669 2110 1715 se
2133 1670 2200 1717 non

196 1732 273 1800 bris.
311 1732 407 1799 Prius
428 1742 487 1815 est,
510 1733 595 1815 quod
617 1734 666 1798 ira
681 1732 745 1799 Dei
768 1743 1005 1816 aeternumque
1033 1734 1171 1799 exitium
1224 1744 1290 1797 tam
1324 1733 1366 1798 ab
1399 1733 1532 1797 homine
1565 1731 1695 1796 mortali
1728 1752 1826 1814 quam
1866 1752 1887 1797 a
1915 1731 1988 1798 Dec
2021 1733 2061 1799 ad
2098 1733 2200 1802 fidem

197 1818 343 1885 humano
369 1819 484 1903 generi
505 1819 673 1884 imminet:
704 1819 780 1900 quia
800 1829 976 1902 peccarunt
998 1839 1112 1884 omnes
1135 1838 1172 1885 ac
1222 1818 1324 1885 fuisse
1347 1828 1479 1884 vocatos
1507 1827 1694 1902 agnoscant.
1739 1817 1831 1885 Dicit
1859 1839 1938 1903 ergo
1961 1840 2058 1886 suum
2081 1818 2122 1885 ad
2145 1841 2200 1888 eos

196 1904 422 1971 destituuntur
450 1903 557 1988 gloria
585 1903 658 1969 Dei.
710 1903 862 1970 Alterum
894 1902 978 1988 quod
1007 1925 1075 1971 non
1107 1904 1172 1968 alia
1223 1904 1407 1988 ingressum
1430 1923 1497 1969 non
1519 1903 1618 1969 fuisse
1640 1903 1781 1980 inanem,
1807 1912 1845 1968 ut
1866 1902 2029 1971 ambitiosi
2048 1905 2200 1974 homines

196 1989 375 2075 effugiendi
405 1991 489 2055 ratio
518 2000 568 2055 est
596 1990 660 2055 nisi
682 2010 741 2073 per
763 1989 888 2056 Christi
910 1991 1067 2073 gratiam:
1119 1990 1172 2055 uia
1223 1990 1363 2055 multum
1385 2008 1523 2073 pompae
1544 1986 1730 2069 ostendunt,
1757 2008 1858 2071 quum
1880 1988 1964 2055 nihil
1987 1989 2129 2058 habeant
2150 2014 2200 2058 so-

196 2096 265 2151 uoc
294 2076 417 2145 trustra
446 2075 507 2142 has
534 2074 582 2140 illi
612 2090 720 2158 partes
747 2075 872 2142 Paulus
900 2074 1060 2142 vendicat.
1132 2073 1172 2140 ed
1223 2073 1298 2140 lidi:
1321 2095 1398 2140 nam
1428 2077 1545 2139 inane
1573 2083 1705 2140 actuoso
1728 2073 1781 2140 hio
1803 2074 1947 2159 opponit.
1992 2075 2117 2142 Probat
2137 2077 2201 2146 hcc

194 2160 259 2229 hoc
274 2160 510 2227 inaestimabile
526 2169 578 2227 est
595 2160 723 2240 donum,
742 2159 828 2245 qnod
846 2161 901 2244 pii,
920 2162 1047 2244 quotics
1062 2160 1172 2226 iudicii
1223 2159 1349 2225 duobus
1379 2160 1593 2245 argumentis.
1638 2159 1736 2224 Prius
1758 2169 1808 2224 cst
1830 2159 1917 2242 quod
1939 2159 2102 2246 Philippis
2124 2184 2199 2247 per·

196 2248 236 2315 fit
268 2249 401 2325 mentio,
434 2244 603 2313 Christum
632 2245 695 2312 sibi
726 2245 964 2329 redemptorem
995 2256 1171 2312 venturum
1223 2246 1449 2329 sequuticnem
1478 2255 1512 2311 ct
1539 2244 1754 2330 ignominium
1776 2246 1987 2312 sustinuerat.
2034 2246 2197 2334 Alterum,

194 2334 316 2403 sciunt.
358 2332 451 2398 Acar
479 2332 560 2414 qaod
589 2332 704 2398 dicato
719 2332 813 2412 pouit
833 2333 918 2398 acm
939 2337 1109 2415 maara,
1138 2336 1173 2396 td
1223 2331 1309 2416 quod
1349 2332 1602 2398 Thessalonicae
1645 2351 1802 2415 magnum
1841 2341 2007 2397 certamen
2046 2343 2200 2415 paratum

189 2419 271 2502 piae
291 2425 405 2484 meotes
426 2437 555 2483 arreum
576 2418 682 2500 erigat,
704 2438 743 2484 ao
763 2417 930 2483 eabaidm
946 2418 1172 2499 inpraesentia
1223 2422 1305 2483 erat.
1349 2416 1480 2484 Scimus
1502 2416 1681 2502 ignominia
1703 2425 1737 2481 et
1758 2416 2065 2499 persequutionibus
2088 2417 2200 2485 debili-

196 2505 280 2571 vitat
307 2504 433 2569 intuitu.
479 2504 567 2569 Narra
594 2523 690 2585 quam
715 2503 793 2585 fidos
821 2504 901 2568 vicio
919 2505 962 2568 ait
983 2523 1090 2569 rorata
1110 2522 1172 2568 nora
1223 2503 1296 2585 tari,
1317 2503 1459 2586 adeoque
1481 2504 1612 2586 penitus
1634 2502 1743 2586 frangi
1764 2501 1933 2566 hominum
1956 2502 2094 2570 animos.
2138 2503 2199 2571 Di·

195 2591 428 2674 apparentiam,
457 2588 541 2654 nibil
567 2590 673 2655 miras
700 2593 936 2654 wacmtoaeum
957 2594 1002 2655 eat
1023 2609 1118 2669 quarn
1137 2594 1173 2654 at
1223 2590 1338 2656 vinum
1366 2589 1480 2672 itaque
1508 2609 1588 2671 opus
1617 2587 1686 2665 init,
1717 2585 1802 2671 quod
1825 2586 1951 2654 Paulus
1973 2587 2073 2654 variis
2102 2590 2199 2657 malis

196 2678 283 2742 ham
314 2675 379 2743 Dei
414 2676 580 2740 mammea
611 2680 708 2756 procot
743 2675 911 2756 quaquam
946 2675 1102 2758 affligitur
1137 2676 1172 2740 ia
1222 2685 1256 2740 et
1288 2675 1470 2759 ignominia
1501 2674 1652 2756 affectus,
1683 2673 1775 2757 quasi
1807 2673 1947 2756 integer,
1979 2694 2131 2760 magnam
2164 2685 2197 2744 et

195 2761 326 2828 muodo:
352 2762 446 2833 acati
470 2759 553 2825 nibil
576 2763 680 2845 magis
707 2760 881 2827 absurdam
909 2780 1005 2842 qaam
1030 2760 1172 2841 arripere
1222 2760 1411 2842 opulentam
1444 2761 1558 2825 urbem
1591 2760 1725 2843 aggredi
1758 2778 1825 2824 non
1854 2757 2027 2840 dubitavit,
2061 2771 2099 2826 ut
2126 2761 2198 2830 eius

194 2847 314 2915 caduca
334 2847 411 2913 bona
432 2845 545 2929 quibus
563 2846 713 2929 fruisser,
739 2851 774 2910 ut
794 2846 868 2910 atae
888 2846 1087 2912 mimatae
1108 2843 1172 2911 Dcc'
1223 2845 1377 2929 populum
1400 2843 1532 2912 Christo
1553 2845 1753 2929 subiugaret.
1797 2844 1838 2910 In
1861 2844 1922 2911 hcc
1941 2846 2092 2930 ingressu
2113 2847 2198 2915 nihil

192 2933 342 3018 mathat.
394 2932 568 3001 Daroma:
599 2952 684 3017 apo,
721 2932 797 2998 dum
828 2951 934 2997 stowe
966 2931 1172 2997 lcmriaatm
1222 2931 1368 2998 cernitur
1402 2929 1487 3014 quod
1517 2950 1637 2996 vanam
1669 2930 1920 2996 ostentationem
1948 2931 2102 2999 redoleat.
2154 2933 2198 3000 In

195 3017 300 3170 laih
318 3015 1172 3184 ddihidhhwfflwithdihtffl
1222 3015 2198 3183 {thiatbrat⁰2⁰..Vl.t¹tltt¹it{⁰ltt.”tiit

193 3170 326 3257 &cacia
345 3189 527 3273 spiritualia
547 3191 629 3256 ottae
649 3153 775 3256 dedatis.
838 3150 847 3185 ³
1222 3189 1279 3256 sed
1309 3208 1392 3272 opus
1420 3123 1624 3254 fuilt’paeriter
1646 3186 1772 3252 luctari.
1816 3186 1948 3254 Interea
1969 3189 2060 3255 stetit
2080 3188 2198 3256 firmus

283 3275 334 3342 10.
360 3276 458 3357 Quen
474 3277 646 3342 maaca.
683 3275 807 3342 Christi
826 3273 1099 3340 resurrectionem
1117 3271 1170 3339 hic
1222 3294 1260 3341 ac
1289 3273 1546 3357 imperterritus:
1580 3271 1667 3338 nude
1696 3281 1841 3356 apparet,
1874 3293 1975 3340 mauu
2005 3273 2068 3340 Dei
2097 3275 2198 3342 fuisse

193 3371 441 3444 commemorat,
459 3363 492 3427 in
510 3382 574 3444 qua
592 3369 722 3428 nostrae
739 3360 988 3427 resurrectionis
1004 3379 1078 3442 spes
1098 3358 1170 3424 iun·
1221 3360 1402 3427 suffultum.
1439 3358 1523 3425 Nam
1546 3357 1607 3425 hoo
1628 3359 1800 3443 significat,
1822 3378 1924 3442 quum
1942 3358 2021 3426 dicit
2038 3378 2074 3426 sc
2094 3350 2212 3427 fidu-⁵

195 3445 273 3510 data
303 3455 368 3513 cst:
399 3466 476 3512 nam
506 3447 649 3531 undique
678 3466 767 3512 more
795 3465 856 3511 nos
878 3444 1013 3512 obsidet.
1055 3443 1171 3527 Itaque
1222 3448 1321 3512 ciam
1343 3445 1568 3544 sumpsisse.
1609 3444 1655 3511 Et
1676 3464 1756 3511 sane
1777 3444 1804 3509 si
1827 3463 1941 3512 omnes
1959 3445 2042 3513 istas
2058 3445 2196 3514 circim-

194 3529 259 3598 uiei
287 3532 321 3596 in
344 3530 516 3598 Christum
546 3533 707 3616 respicere
736 3531 908 3614 muamus,
937 3529 1075 3614 singulis
1103 3550 1169 3595 mc·
1221 3531 1361 3598 stantiae
1388 3530 1562 3615 dilrgenter
1588 3531 1828 3615 expendantur,
1857 3531 1971 3616 negari
2000 3552 2064 3598 non
2087 3536 2198 3616 potest

193 3616 314 3682 mentis
343 3616 515 3683 concident
543 3617 638 3684 nobis
666 3618 774 3684 animi
819 3614 943 3684 Eadem
966 3616 1091 3682 ratione
1113 3615 1169 3680 ad·
1222 3618 1303 3701 quin
1325 3617 1496 3700 magnifica
1510 3617 1602 3685 Deus
1624 3637 1718 3699 snam
1739 3615 1806 3682 illio
1829 3615 1986 3683 virtutem
2003 3618 2196 3684 exseruerit.

192 3705 309 3767 monet
331 3700 500 3768 Christum
528 3722 547 3769 c
575 3702 664 3770 ccclo
693 3723 764 3770 esse
792 3700 1065 3784 exspectandum:
1094 3702 1172 3784 quia
1222 3702 1392 3784 Quantum
1429 3702 1470 3766 ad
1504 3702 1673 3768 historiam
1707 3703 1864 3786 pertinet,
1901 3702 2043 3786 petenda
2072 3712 2122 3770 est
2153 3725 2196 3770 ex

194 3784 280 3853 nihil
301 3786 338 3852 in
358 3789 481 3853 mundo
504 3789 700 3872 reperiemus
717 3786 802 3871 quod
821 3807 879 3854 nos
897 3789 1069 3856 sustineat:
1093 3796 1172 3852 eunt
1223 3790 1379 3856 Actorum
1402 3789 1509 3871 capite
1531 3789 1572 3855 16
1594 3799 1628 3856 ct
1650 3789 1701 3854 17.

193 3880 307 3939 autem
343 3872 493 3939 infinitae
529 3875 726 3941 tentationes
761 3893 845 3957 quac
877 3894 937 3940 nos
970 3872 1169 3939 exanimant
1307 3875 1337 3939 3.
1376 3874 1463 3939 Nam
1499 3873 1672 3940 narrato
1708 3878 1823 3940 matra
1882 3874 1960 3940 Alio
1997 3885 2194 3960 argumento

192 3956 275 4031 Atio
302 3977 421 4041 qaoque
450 3960 684 4026 ciratoastootia
711 3959 850 4026 racadu
876 3963 929 4026 est.
976 3958 1063 4025 Num
1092 3959 1170 4039 gaia
1221 3959 1527 4026 Thessalonicenses
1553 3961 1587 4025 in
1616 3969 1770 4043 suscepta
1797 3958 1863 4024 fide
1890 3960 2075 4027 confirmat:
2107 3963 2196 4045 qnod

192 4044 229 4109 ia
250 4042 333 4113 aare
351 4046 445 4126 tinea
464 4045 636 4112 resarserit
658 4043 811 4128 Obrutus,
840 4049 877 4110 ct
896 4045 1033 4111 aradam
1051 4042 1170 4128 gloriae
1220 4045 1343 4112 scilicet
1372 4044 1512 4111 fideliter
1539 4066 1577 4112 ac
1605 4064 1688 4130 pure
1714 4047 1750 4111 in
1771 4046 1872 4112 verbo
1894 4045 2032 4112 Domini
2053 4048 2195 4114 instituti

192 4147 249 4195 aaa
270 4149 376 4196 omnes
406 4131 531 4196 uadem
561 4134 714 4197 coruortcs
742 4130 842 4213 faciut
874 4131 930 4212 qai
962 4149 1073 4196 mmor
1101 4130 1169 4194 eiras
1219 4132 1358 4196 inerint:
1389 4147 1482 4196 susm
1511 4130 1600 4198 enim
1630 4129 1813 4198 doctrinam
1836 4133 1926 4196 omni
1949 4129 2140 4216 deceptione
2160 4144 2194 4200 et

192 4215 344 4289 scombro:
362 4216 519 4299 sipaifioat
535 4215 670 4298 Pastas,
684 4216 811 4283 irritam
824 4216 892 4297 scre
905 4214 1168 4295 resurrectionen,
1219 4214 1428 4281 immunditia
1455 4236 1593 4285 vacuam
1616 4216 1715 4283 tuisse
1736 4217 1862 4283 asserit
1906 4217 2018 4303 Atque
2039 4229 2078 4283 ut
2100 4217 2193 4284 tolla·

192 4301 260 4367 :aiei
287 4303 400 4366 iterum
428 4307 582 4385 appareat
608 4322 739 4369 morum
759 4302 943 4385 redesptor,
972 4303 1169 4384 [maraque
1220 4307 1274 4368 tur
1295 4301 1403 4367 omnis
1432 4301 1530 4370 hairu
1550 4301 1600 4369 rei
1622 4301 1790 4380 dubitatio,
1821 4304 2054 4369 conscientiam
2076 4323 2192 4370 eorum

191 4391 222 4451 ct
242 4387 377 4468 elimam
392 4388 470 4464 eiua
488 4408 584 4470 gaam
606 4389 642 4452 io
661 4386 851 4466 :ambibat
866 4389 995 4455 aaut:
1014 4387 1058 4453 ad
1071 4391 1168 4452 totam
1219 4395 1336 4455 testem
1360 4386 1505 4454 advocat
1546 4387 1625 4455 Tria
1647 4408 1755 4473 porro,
1776 4406 1859 4470 quae
1880 4399 2122 4470 commemorat,
2145 4391 2193 4458 sic

189 4471 333 4540 metae
354 4492 464 4555 corpas
484 4475 637 4540 madet.
1219 4470 1373 4539 videntur
1394 4493 1489 4556 posse
1510 4473 1682 4558 distingui:
1708 4482 1746 4539 ut
1766 4472 2001 4556 impostura
2022 4473 2063 4540 ad
2085 4474 2191 4560 ipsam

1075 4602 1078 4607 ·
1218 4557 1384 4625 doctrinae
1403 4559 1621 4627 substantiam
1642 4558 1815 4638 referatur,
1836 4558 2128 4628 immundities
2149 4561 2192 4628 ad

1218 4644 1319 4709 animi
1342 4643 1504 4724 affectum,
1533 4645 1658 4711 dolus
1688 4642 1885 4710 admodum
1907 4643 2035 4730 agendi.
2080 4646 2192 4714 Primo

1218 4730 1329 4811 itaque
1368 4728 1499 4797 delusos
1536 4731 1637 4798 inisse
1675 4740 1734 4795 aut
1772 4728 1909 4797 fallaciis
1948 4730 2192 4800 circumventos

551 4798 732 4883 CAPUT
754 4799 809 4881 ll.
1217 4824 1325 4898 negat,
1358 4834 1456 4897 quum
1488 4837 1593 4900 genus
1626 4815 1793 4883 doctrinae
1825 4817 1968 4900 amplexi
1999 4822 2078 4882 sunt
2106 4839 2126 4883 a
2155 4838 2192 4884 se

1217 4899 1386 4966 traditum.
1447 4900 1550 4968 Suam
1597 4899 1715 4967 deinde
1751 4901 1976 4985 integritatem
2012 4901 2190 4987 praedicat,

187 5047 195 5060 ,
278 4987 306 5050 1.
328 4985 401 5067 Ipsi
418 4986 500 5051 erim
516 4987 622 5064 nostia
640 4986 768 5069 fratrea
788 4986 871 5068 qaod
888 4987 1049 5071 inpressas
1062 4990 1165 5053 acam
1216 4986 1301 5069 quod
1332 4984 1422 5051 nulla
1448 4987 1579 5070 impura
1609 4985 1797 5072 cupiditate,
1824 4987 1881 5053 sed
1911 4988 2039 5055 sincero
2062 4996 2190 5056 tantum

187 5072 232 5141 cci
262 5090 316 5138 coe
343 5091 405 5137 rior:
437 5071 547 5137 inanis
565 5070 677 5153 snserit:
720 5072 752 5138 2.
774 5072 837 5138 imo
857 5073 939 5154 qaod
951 5072 1164 5155 praeposito
1215 5071 1335 5139 affectu
1358 5069 1518 5156 inductus,
1541 5073 1582 5138 ad
1604 5092 1660 5139 ecs
1681 5072 1821 5139 venerit.
1854 5073 1974 5153 Tertio,
1998 5074 2083 5158 quod
2105 5074 2189 5140 nihil

187 5175 258 5222 aem
278 5157 380 5238 paesi,
408 5160 437 5221 ot
456 5157 569 5237 probro
590 5158 691 5239 offecti
713 5157 876 5240 Portippa
896 5156 945 5244 (at
964 5157 1064 5243 scih)
1082 5157 1163 5238 ridor·
1215 5157 1440 5224 fraudulenter
1460 5171 1519 5223 aut
1540 5156 1701 5224 malitiose
1718 5159 1840 5244 egerit:
1861 5159 1918 5227 sed
1937 5160 2049 5244 potius
2066 5160 2192 5245 simpli·

186 5242 270 5311 cium
299 5242 493 5324 carpamus
518 5243 554 5307 irs
575 5240 645 5309 Deo
670 5250 773 5310 nostro
795 5243 977 5326 profereuti
1002 5243 1090 5326 apcsd
1110 5262 1164 5311 coe
1215 5243 1348 5310 citatem
1376 5243 1564 5311 exhibuerit
1589 5243 1723 5329 dignam
1745 5243 1872 5313 Christi
1893 5246 2054 5314 ministro.
2097 5246 2194 5314 Haec

283 5358 395 5417 Cdciai
409 5375 504 5430 opera.
534 5359 596 5417 Vct.
609 5358 683 5418 m.
1935 5362 1972 5418 10
