4762 6016
184 366 251 433 309
1081 361 1233 428 OAPU'P
1256 362 1297 429 V.
2131 363 2201 430 310

230 582 317 627 nere.
361 559 447 626 Mihi
475 558 638 643 generalis
663 557 828 624 sententie
857 556 963 640 magis
991 555 1160 638 probatur.
1214 555 1407 639 explicatius
1422 575 1518 641 quam
1535 563 1640 622 antee.
1677 557 1727 624 Ao
1742 557 1847 641 primo
1869 565 2009 625 aetatem
2033 561 2198 646 designat,

216 648 282 714 olet
301 645 389 712 enim
411 644 545 725 Paulus,
570 643 669 709 etiem
691 663 791 727 quum
813 641 943 725 aliquod
966 641 1163 724 partioulsre
1213 643 1425 727 sexaginta
1457 663 1599 708 annos:
1630 661 1706 707 nam
1737 644 1814 726 quia
1844 645 1981 727 publiois
2010 649 2195 729 sumptibus

187 742 419 819 argumentum
435 740 553 796 traotat
567 728 775 812 probationes
790 749 831 794 ex
846 727 1055 811 generalibus
1073 728 1163 810 prin·
1213 728 1395 806 elebantur,
1419 727 1554 794 dedebat
1568 728 1635 793 iam
1650 729 1741 794 senio
1756 729 1921 796 eonleotas
1943 750 2024 797 esse.
2061 731 2194 801 Deinde

186 820 281 904 oipiis
314 817 444 883 afferre:
478 826 510 881 et
543 835 658 881 rursus
689 815 807 880 elisere
840 835 881 879 ex
912 812 1164 896 particularibus
1214 823 1286 878 erat
1317 812 1420 879 altera
1452 815 1632 879 etiamnum
1665 814 1804 880 validior
1837 816 1938 883 ratio:
1979 838 2054 884 nam
2089 838 2124 883 se
2156 819 2194 885 in

184 904 359 973 sententiis
391 899 608 967 universalem
639 901 833 967 doetrinam.
888 900 935 965 Et
966 913 1055 965 oerte
1087 898 1164 980 plus
1214 899 1431 964 ministerium
1461 899 1616 966 eoelesiae
1648 901 1888 968 oonseorabant
1932 901 2029 984 Quod
2058 904 2195 972 minime

188 991 322 1058 habebit
347 988 410 1055 hoo
432 986 593 1071 ponderis,
623 985 848 1053 sinonreniat
868 989 937 1050 tem
960 983 1043 1049 viris
1065 1003 1163 1067 quam
1215 984 1383 1051 terendum
1404 995 1483 1064 erat,
1505 985 1534 1050 si
1556 984 1663 1052 adhue
1684 985 1726 1050 ad
1748 987 1936 1072 ooninginm
1958 987 2095 1055 idoneae
2116 990 2197 1057 fnis-

111 1103 116 1132 ι
187 1074 389 1145 mulieribus.
441 1072 533 1139 Dieit
564 1092 643 1155 ergo
674 1091 730 1139 eos
759 1072 774 1136 1
779 1071 883 1137 idem
913 1070 1162 1155 abnegasse,
1215 1076 1298 1136 sent.
1337 1071 1386 1134 Ile
1405 1069 1590 1137 nonditione
1609 1071 1849 1155 reeipiebsntnr
1869 1082 1907 1138 ut
1927 1094 2042 1140 earum
2063 1075 2196 1160 inopiae

187 1164 244 1249 qui
272 1180 348 1228 snos
375 1178 501 1242 omnes,
529 1156 736 1240 meximeque
758 1155 889 1222 domum
911 1157 1075 1239 propriam
1098 1175 1162 1221 non
1215 1157 1407 1222 subveniret
1432 1155 1575 1232 eoelesie,
1607 1167 1640 1221 et
1667 1176 1761 1222 snam
1790 1158 1922 1225 interim
1950 1179 2081 1242 operam
2111 1182 2195 1245 pau·

185 1257 313 1316 emant.
349 1246 396 1311 Et
416 1246 548 1311 merito:
570 1244 663 1309 nulle
683 1243 772 1309 enim
793 1243 828 1308 in
844 1239 953 1308 Deum
976 1254 1026 1307 est
1048 1241 1163 1325 pietas,
1214 1243 1346 1326 peribus
1381 1241 1626 1326 impenderent,
1662 1243 1769 1327 quoad
1803 1244 1989 1326 patiebatur
2026 1245 2194 1315 valetudo.

187 1335 245 1404 ubi
262 1333 334 1417 quis
353 1332 400 1396 ite
422 1329 638 1396 humanitatis
659 1349 790 1395 sensum
812 1348 933 1395 exuere
955 1336 1070 1411 potest.
1107 1329 1163 1394 An
1216 1327 1268 1392 Ita
1297 1335 1411 1392 motus
1439 1332 1511 1394 erat
1537 1326 1693 1413 obligatio
1721 1330 1808 1395 inter
1835 1332 1922 1414 ipsas
1952 1344 1986 1396 et
2012 1332 2193 1401 eoalesiam.

187 1419 279 1499 fides,
308 1438 391 1502 qnae
415 1416 500 1482 filios
521 1415 584 1481 Dei
606 1435 668 1481 nos
696 1415 783 1493 lauit,
814 1414 991 1480 deteriores
1014 1411 1165 1478 redderet
1214 1414 1441 1493 Robustiorss,
1471 1423 1503 1479 et
1532 1434 1615 1497 quae
1644 1434 1704 1498 per
1728 1423 1868 1480 aetatem
1891 1416 1999 1484 adhue
2021 1427 2116 1483 erant
2138 1441 2196 1485 ve-

188 1506 293 1573 brutis
315 1499 513 1586 pseudibus?
554 1500 751 1567 Manifestus
772 1520 851 1583 ergo
873 1498 937 1564 Dei
959 1506 1164 1580 oontemptue
1215 1503 1321 1583 getae,
1335 1498 1483 1582 iniquum
1499 1508 1569 1564 erat
1582 1499 1656 1566 aliis
1671 1521 1741 1567 esse
1756 1502 1856 1566 oneri.
1883 1501 2062 1568 Praeterea
2077 1505 2195 1571 timen-

184 1601 239 1659 eet
267 1590 342 1658 talis
367 1586 596 1654 inhumanitas
625 1595 658 1651 st
690 1585 766 1651 lidei
786 1585 970 1669 abnegatio.
1014 1584 1164 1650 Needum
1216 1584 1294 1650 dum
1310 1591 1380 1651 eret
1406 1605 1449 1650 ne
1466 1592 1591 1651 manto
1613 1586 1714 1651 animi
1736 1586 1902 1670 proposito
1923 1587 1965 1654 ed
1988 1609 2088 1654 noves
2110 1611 2194 1675 nup·

188 1699 229 1745 eo
250 1683 423 1744 oonteatus
445 1671 578 1750 Paulus,
600 1671 725 1738 orimen
748 1679 936 1756 exaggerat,
958 1670 1078 1751 diesne,
1100 1670 1163 1734 in·
1215 1671 1278 1737 tias
1299 1668 1516 1755 adspirarent.
1559 1671 1634 1736 Hae
1666 1681 1745 1738 sunt
1777 1671 1861 1738 duee
1893 1693 2010 1740 eausas
2042 1694 2101 1741 our
2127 1696 2197 1742 non

186 1761 316 1830 fideli
349 1778 441 1824 esse
473 1756 745 1837 deteriorem,
779 1758 836 1839 qui
868 1776 1001 1822 snorum
1032 1756 1163 1822 oblivis·
1215 1755 1297 1823 relit
1313 1756 1380 1822 nisi
1397 1757 1629 1842 sexagenariae
1651 1758 1761 1841 reoipi.
1798 1756 1917 1839 Quoad
1940 1757 2082 1825 nubendi
2105 1762 2197 1844 oapi·

184 1850 283 1918 oitur.
335 1843 433 1926 Quod
466 1842 593 1909 duabus
627 1840 668 1910 de
700 1843 805 1909 nausis
838 1862 953 1908 rernm
988 1846 1053 1907 est:
1086 1861 1163 1905 nam
1216 1843 1368 1923 ditatem‚
1400 1842 1482 1908 satis
1510 1861 1682 1909 oooursnm
1713 1854 1764 1909 est
1791 1844 1949 1927 perienlo,
1983 1844 2038 1911 ubi
2069 1865 2195 1912 annum

185 1953 251 2020 qno
272 1931 347 2016 plus
367 1930 504 2013 quisque
525 1928 561 1994 in
582 1929 765 2014 oognitione
788 1927 851 1993 Dei
873 1929 1017 2011 profeoit,
1046 1947 1083 1992 eo
1103 1927 1163 1990 mi·
1215 1928 1456 2012 sexagesimum
1488 1928 1628 1995 exoessit
1660 1930 1795 1995 mulier:
1828 1931 1856 1995 si
1878 1932 2071 2014 praesertim
2090 1952 2196 1997 unum

187 2014 603 2088 nushabetexeusstionis.
628 2015 718 2099 lirgo
731 2013 918 2080 infidelibus
933 2026 1012 2080 sunt
1026 2013 1165 2098 peiores,
1216 2015 1379 2080 duntaxat
1411 2014 1566 2079 maritum
1600 2019 1671 2079 tota
1704 2014 1771 2080 vite
1803 2027 1941 2098 experta
1973 2017 2081 2084 fuerit
2132 2018 2198 2086 Est

189 2107 246 2191 qui
261 2104 297 2171 in
312 2102 401 2171 olera
416 2099 479 2167 Dei
494 2101 567 2168 lues
588 2101 783 2168 oasoutinnt.
821 2098 950 2165 Deinde
972 2098 1035 2166 hoo
1060 2119 1166 2184 genus
1216 2100 1303 2166 enim
1319 2098 1481 2182 quoddam
1497 2098 1601 2164 veluti
1615 2101 1738 2185 pignus
1754 2102 1973 2167 eontinentiae
1991 2113 2025 2168 et
2046 2102 2196 2186 pudoris,

187 2191 288 2258 offieii
324 2197 375 2255 est
410 2185 494 2270 quod
531 2196 651 2253 natura
685 2186 759 2271 ipsa
793 2185 903 2252 distet
958 2183 1047 2250 Sunt
1078 2185 1165 2250 enim
1217 2205 1315 2270 quum
1332 2185 1450 2251 mulier
1477 2183 1519 2251 ed
1541 2205 1611 2251 eam
1634 2205 1739 2268 usque
1760 2195 1901 2253 aetatem
1925 2190 2076 2270 pervenit
2099 2190 2197 2256 nnioo

187 2275 323 2362 στοργαὶ
337 2271 480 2358 φυσικαί.
517 2271 656 2354 Quodsi
672 2283 791 2339 natura
806 2272 886 2338 duee
906 2271 1056 2337 infideles
1079 2269 1166 2334 ultro
1216 2270 1336 2337 marito
1366 2278 1528 2338 eontenta.
1578 2270 1651 2337 Non
1679 2271 1768 2355 qnod
1797 2271 1976 2339 seeundum
2004 2273 2196 2358 ooniuginm

190 2361 344 2448 propensi
359 2372 438 2427 sunt
452 2349 591 2426 ed¹suos
612 2357 778 2439 amandos,
799 2357 877 2441 qnid
900 2356 941 2422 de
962 2357 1002 2421 iis
1023 2356 1165 2422 sentien-
1216 2355 1460 2441 improbetrant
1474 2358 1672 2441 ignominiae
1687 2365 1797 2423 notam
1813 2357 1930 2441 adsper
1974 2358 2195 2443 tbisnuptis:

189 2450 269 2516 dum
300 2447 356 2530 qui
380 2443 471 2511 nullo
493 2444 553 2510 tali
575 2444 693 2511 affeetu
715 2441 922 2528 tanguntur?
965 2441 1084 2508 Nonne
1104 2441 1166 2505 im·
1216 2446 1297 2527 quin
1315 2444 1424 2526 potins
1447 2444 1590 2509 iuniores
1613 2441 1728 2509 viduas
1749 2442 1790 2507 ad
1814 2447 1920 2510 nnben
1947 2465 2002 2509 um
2026 2444 2197 2511 hortetur:

189 2535 260 2619 pios
274 2532 362 2615 ipsos
384 2531 514 2595 feritate
535 2529 713 2614 superant?
751 2528 791 2594 Si
806 2528 878 2611 quie
898 2526 1033 2612 motat,
1054 2527 1166 2592 maun
1216 2529 1275 2597 sed
1291 2529 1368 2611 quie
1382 2527 1522 2595 sollieits
1540 2546 1655 2595 nevere
1678 2530 1783 2595 veluit
1804 2549 1847 2595 ne
1869 2529 1946 2596 ullis
1967 2531 2197 2598 nenessitatem

186 2638 310 2705 qaoque
326 2637 365 2684 ee
386 2615 558 2682 incredulis
568 2635 676 2682 saeuos
691 2621 841 2699 parentes
862 2635 927 2681 esse
947 2634 985 2680 ee
1005 2612 1164 2694 botwinus,
1217 2617 1401 2698 imponeret
1429 2614 1616 2698 eoelibatns,
1645 2634 1731 2697 qnae
1760 2615 1886 2683 maritis
1913 2636 1996 2700 opus
2025 2616 2197 2683 haberent.

189 2704 301 2791 fenalis
328 2702 441 2770 rotato
468 2707 521 2780 esi,
553 2700 693 2767 Persium
712 2703 752 2766 de
766 2699 955 2783 parentibus
973 2698 1058 2782 isqui
1078 2699 1164 2780 solia
1218 2701 1295 2784 Qua
1316 2699 1356 2765 de
1377 2721 1414 2767 re
1435 2719 1512 2765 mox
1557 2699 1640 2766 lure.

190 2792 259 2874 qai,
286 2789 363 2856 duee
382 2792 500 2853 nemra
521 2792 550 2852 et
569 2787 733 2871 megisto,
754 2785 868 2852 sobolis
887 2805 965 2851 sane
985 2803 1096 2852 esrom
1115 2804 1165 2868 pe·
1305 2787 1355 2852 10.
1379 2785 1423 2853 Ie
1449 2719 1594 2868 opertio
1618 2785 1715 2853 botrie.
1760 2787 1854 2870 Quae
1883 2796 2066 2871 sequuntur
2094 2788 2198 2871 dotes,

189 2880 276 2943 met.
322 2873 409 2940 Nom
436 2873 468 2939 ai
488 2874 562 2956 puts
581 2872 621 2939 et
641 2871 700 2938 bue
720 2872 895 2956 mereim
914 2871 1082 2955 depromet,
1104 2889 1167 2952 pro
1218 2872 1338 2958 partim
1354 2871 1395 2937 ad
1411 2872 1577 2949 honorem,
1600 2873 1720 2956 partim
1735 2872 1776 2939 ed
1790 2891 1874 2938 onus
1895 2874 2085 2957 respieiunt.
2120 2874 2196 2941 Non

190 2965 328 3028 monstro
356 2958 520 3026 mosera
542 2963 596 3024 est.
642 2956 822 3039 Quaeritur
843 2966 954 3022 eutem
975 2977 1036 3022 our
1057 2956 1166 3022 dome·
1219 2959 1352 3025 dubium
1377 2967 1426 3024 est
1448 2958 1527 3041 quin
1551 2959 1672 3024 luerint
1693 2958 1833 3026 honesta
1854 2958 2026 3024 viduarum
2048 2959 2131 3027 oolle
2157 2961 2197 3039 ἰ,

192 3047 292 3114 stieos
328 3043 406 3110 filiis
437 3043 519 3127 ipsis
545 3044 707 3128 praeierat
733 3043 909 3126 apostolus.
959 3041 1167 3126 Respondes,
1218 3045 1380 3129 plenaque
1410 3043 1621 3128 dignationis.
1665 3043 1744 3111 Ideo
1773 3066 1838 3110 non
1869 3043 1940 3110 volt
1965 3044 2088 3112 Paulus
2116 3045 2140 3111 il
2156 3067 2198 3113 ue

191 3151 317 3217 quum
338 3151 448 3208 suos,
479 3141 520 3195 et
548 3130 723 3196 maxime
752 3127 984 3194 familiares
1012 3129 1167 3207 nominet,
1219 3131 1364 3213 oooptari
1392 3130 1456 3196 nisi
1485 3150 1569 3212 qnae
1591 3136 1726 3196 ornatae
1747 3132 1816 3197 sint
1845 3132 1978 3214 egregio
2008 3132 2197 3199 testimonio

193 3226 333 3301 utroque
371 3215 441 3282 loeo
475 3214 516 3281 de
547 3214 625 3282 filiis
656 3225 691 3281 et
723 3213 896 3299 nepotibus
928 3215 1037 3299 ipsum
1069 3213 1167 3296 loqui.
1220 3217 1322 3283 totius
1350 3223 1519 3283 annaeus
1542 3216 1638 3280 vitae.
1684 3216 1755 3282 Iam
1779 3237 1844 3283 non
1866 3215 1908 3281 ed
1930 3237 2030 3300 segne
2046 3229 2085 3283 -et
2106 3220 2200 3302 igna-

193 3304 281 3371 Nam
298 3311 464 3385 uteunque
479 3300 876 3384 emeneipetisintliberi,
898 3301 1005 3366 autin
1028 3299 1167 3365 ahenam
1221 3324 1299 3370 rum
1332 3303 1435 3368 otium
1470 3300 1734 3367 destinabantur:
1775 3301 1833 3368 sed
1867 3311 1904 3367 nt
1935 3305 2133 3387 pauperibus
2164 3313 2200 3370 et

193 3389 352 3458 amittam
367 3408 427 3472 per
440 3388 627 3473 coniugium
642 3388 843 3466 macrino,
865 3395 924 3452 ent
938 3386 1053 3469 queris
1075 3384 1170 3451 modo
1221 3389 1362 3472 aegrotis
1389 3388 1625 3467 ministrarent,
1666 3387 1768 3455 donee
1796 3388 1924 3455 viribus
1953 3389 2098 3456 deleotae
2127 3395 2200 3455 ten-

195 3475 391 3560 emigrarint
418 3495 461 3540 ex
488 3473 624 3540 aedibus
649 3483 837 3557 parentum:
868 3491 1036 3555 nunqnam
1060 3479 1169 3537 tamen
1243 3495 1319 3540 nam
1334 3473 1489 3539 emeritae
1503 3473 1717 3557 qniesoerent
1757 3475 1877 3558 Itaque
1891 3482 1929 3540 nt
1949 3473 1991 3541 ed
2013 3474 2199 3542 obeundam

194 3581 329 3644 prorsus
339 3560 546 3641 extinguitur
556 3561 608 3625 ius
619 3566 766 3637 naturae,
783 3559 864 3642 quin
880 3557 1018 3624 debeant
1030 3558 1171 3623 maiores
1258 3561 1422 3626 notionem
1451 3559 1520 3623 sint
1548 3560 1698 3642 aptiores,
1725 3559 1758 3625 in
1787 3559 1902 3627 oilioiis
1919 3560 2081 3645 omnibns,
2112 3582 2200 3645 qnae

193 3655 285 3722 natu,
299 3655 455 3727 tanquam
463 3642 1169 3729 sibiaDsooommissos,regere,autsaltem
1221 3657 1299 3712 sunt
1319 3645 1409 3711 illins
1430 3644 1571 3728 propria,
1592 3644 1691 3730 longo
1714 3665 1774 3712 nso
1797 3645 1993 3713 exereitetss
2015 3667 2086 3712 esse
2108 3646 2197 3713 vult:

193 3728 364 3799 oonsulere
388 3727 494 3812 quoad
515 3740 661 3813 possunt.
704 3729 953 3796 Indomestiois
975 3739 1081 3795 antem
1104 3747 1170 3794 aro·
1222 3732 1331 3816 qualia
1359 3740 1439 3797 sunt
1465 3729 1556 3795 labor
1583 3738 1617 3796 et
1643 3729 1801 3798 sedulitas
1823 3732 1859 3797 in
1880 3730 1991 3797 liberis
2012 3730 2199 3810 adunandis,

193 3819 259 3884 tior
288 3823 338 3883 est
367 3813 532 3899 obligatio,
562 3836 639 3881 nam
668 3835 724 3883 sos
751 3815 873 3899 duplioi
903 3817 1035 3880 nomine
1056 3834 1171 3882 aurare
1222 3817 1445 3901 hospitalitas,
1478 3816 1660 3882 ministeria
1691 3838 1770 3902 erga
1801 3836 1978 3901 pauperes,
2008 3827 2042 3883 et
2074 3816 2202 3901 reliqna

193 3903 322 3983 debent,
355 3919 395 3966 eo
426 3899 512 3984 qnod
543 3901 689 3984 ipsorum
722 3910 801 3967 sunt
829 3900 974 3986 sanguis,
1008 3911 1042 3966 et
1072 3899 1170 3964 simul
1222 3902 1456 3970 benefioentiae
1471 3921 1578 3984 opere.
1619 3900 1747 3986 Siquis
1772 3903 1826 3969 bio
1846 3903 2040 3987 interroget,
2065 3903 2202 3987 Ergone

192 4009 271 4074 pars
292 3986 437 4054 familiae
457 3986 512 4053 eui
532 3995 696 4069 praesunt
1222 3989 1484 4073 repudiabuntur
1512 4007 1626 4053 omnes
1654 3987 1791 4071 steriles,
1819 3989 1895 4073 quia
1922 3988 2032 4055 nullos
2054 4008 2200 4072 unquam

1221 4075 1341 4140 liberos
1363 4071 1577 4139 sustulerint?
1600 4072 1873 4158 respondendum,
1901 4095 1969 4140 non
1990 4074 2202 4142 sterilitatem

278 4158 309 4224 9.
340 4158 446 4226 Vidua
472 4156 629 4242 delipotm
654 4175 720 4224 nors
743 4156 848 4223 misser
876 4158 972 4224 onais
993 4157 1169 4239 sategistis,
1223 4160 1277 4225 hio
1306 4159 1454 4224 damnari
1484 4159 1649 4238 ePeulo,
1680 4159 1738 4225 sed
1768 4170 1912 4227 matrum
1942 4159 2087 4243 delitias,
2113 4180 2199 4244 quae

191 4244 538 4397 ιιι
554 4243 738 4398 ιι
753 4241 894 4396 ιι
910 4241 1170 4411 ιιι

191 4416 279 4497 talis,
311 4415 343 4481 si
369 4379 547 4482 samuel
566 4415 664 4497 pedes
691 4414 777 4496 levit,
809 4416 841 4482 ai
870 4378 999 4499 eiflioiis
1019 4413 1169 4480 submiss-
1221 4418 1268 4484 Et
1293 4416 1392 4483 simul
1414 4416 1500 4483 hano
1520 4416 1585 4501 piis
1605 4418 1767 4485 matronis
1786 4416 1996 4484 honorariam
2017 4416 2204 4486 mereedem

188 4501 315 4580 movit,
336 4500 417 4567 siin
431 4500 606 4568 mnibono
620 4521 711 4585 opere
728 4501 793 4584 fuit
813 4501 956 4567 medua
1001 4501 1051 4566 11.
1069 4500 1171 4568 Porro
1222 4503 1390 4588 proponit,
1424 4522 1506 4585 quae
1538 4502 1601 4568 eibi
1635 4523 1700 4568 non
1733 4507 1952 4586 peperoerint:
1976 4516 2026 4569 nt
2059 4506 2202 4572 viaissim

192 4589 334 4655 iuniores
353 4587 471 4654 viduae
490 4587 598 4666 reiiee,
626 4607 725 4670 qaum
745 4587 828 4652 etita
848 4584 995 4653 loseioiw
1016 4587 1172 4669 coeperint
1222 4597 1313 4657 aetas
1341 4609 1456 4655 earum
1484 4587 1597 4655 senilis
1626 4589 1781 4655 eoelesiee
1845 4589 1931 4655 emin
1953 4589 2094 4656 levanda
2114 4591 2202 4654 exoi·

192 4675 347 4740 adversm
368 4670 537 4753 Christus»,
564 4672 680 4740 subm
706 4673 823 4756 odunt,
858 4672 908 4737 12.
930 4671 1075 4738 debentes
1101 4691 1169 4737 eote
1222 4676 1342 4759 piatur.
1408 4675 1474 4740 Per
1511 4673 1713 4740 lotionem
1750 4695 1798 4758 pe
1834 4696 1898 4741 nm
1941 4674 2203 4759 syneodoolriotbs

189 4759 429 4839 dmmotioeen,
456 4760 539 4842 prod
553 4759 695 4842 priotom
717 4757 810 4840 fidem
830 4759 999 4824 reieeeint.
1045 4757 1095 4823 13.
1119 4755 1170 4824 Si·
1222 4760 1378 4844 obsequie
1412 4759 1570 4844 intelligit
1609 4779 1693 4842 quae
1731 4761 1854 4825 sanetis
1891 4763 2052 4843 praestari
2086 4761 2202 4826 solent.

193 4843 261 4907 mol
298 4849 402 4910 uatem
433 4849 463 4910 et
496 4844 612 4910 otiosos
642 4845 767 4911 eoae
798 4844 932 4910 otram
962 4844 1085 4910 domos:
1117 4863 1171 4910 nee
1222 4847 1327 4912 Moris
1360 4846 1448 4911 enim
1481 4857 1561 4911 tuno
1592 4855 1665 4912 eret
1697 4844 1797 4928 pedes
1830 4846 1950 4913 lavare.
2000 4847 2073 4913 Hoe
2104 4846 2204 4913 efflui

193 4927 295 4994 solam
322 4930 448 5011 otiosae,
476 4949 585 4996 samm
610 4932 704 4999 ειίαιιι
727 4929 879 5015 pamiae
901 4935 930 4995 et
948 4930 1099 5010 worm,
1128 4929 1170 4996 lo-
1222 4952 1327 5017 genns
1354 4933 1390 4996 in
1419 4932 1560 5015 speeiem
1589 4930 1757 4998 sordidum
1778 4939 1812 4996 et
1832 4952 1936 5016 prope
1957 4933 2075 5000 servile
2095 4931 2203 4999 sideri

192 5018 318 5096 suenus
338 5034 418 5097 quoe
439 5035 506 5087 ιιοιι,
520 5020 645 5098 operia·
1223 5027 1367 5101 poterat:
1396 5016 1507 5100 itaque
1536 5015 1599 5083 heo
1627 5018 1719 5100 quasi
1749 5021 1828 5082 nota
1855 5017 1993 5103 insignit
2015 5017 2146 5083 sedulas
2166 5023 2203 5082 et

440 5161 444 5167 .
1223 5103 1358 5168 minime
1388 5101 1541 5169 delioatss
1563 5109 1622 5168 eut
1652 5101 1767 5168 molles
1794 5103 1962 5170 foeminas.
2008 5102 2106 5185 Quod
2128 5124 2202 5185 pro-

194 5245 200 5256 .
280 5185 312 5251 9.
336 5185 442 5254 Video
462 5185 630 5270 deligam.
665 5186 791 5253 Iterum
813 5185 927 5270 quales
949 5186 1068 5253 viduae
1089 5187 1171 5253 reoi-
1224 5191 1313 5254 xime
1344 5188 1509 5272 requitur,
1551 5188 1593 5255 ed
1626 5188 1855 5254 liberalitatem
1887 5191 2037 5273 pertinet.
2093 5189 2205 5273 Atque

193 5269 335 5354 piendee
348 5273 415 5339 sint
432 5273 468 5339 in
490 5271 645 5341 eoelesiaa
666 5291 787 5354 ourani,
810 5272 967 5340 ostendit:
989 5273 1171 5358 etquidem
1225 5273 1311 5340 idem
1334 5283 1500 5359 postremo
1521 5275 1712 5360 generalius
1731 5274 1899 5359 exprimit,
1922 5295 2025 5359 quum
2048 5274 2137 5355 dioit,
2166 5274 2206 5340 si

1946 5392 1998 5449 20·
