4740 6016
182 331 243 400 151
524 362 530 372 ·
858 331 1003 401 ΕΡῙΒΤ.
1026 331 1171 401 PAULI
1193 331 1259 399 AD
1281 332 1512 402 EPHESIOS
2125 331 2190 400 152

181 529 258 595 Deo
278 527 384 592 nihilo
412 527 488 612 plus
513 527 597 594 seire
624 527 796 611 permittat
824 547 921 609 quam
951 524 1160 592 hominibus?
1211 525 1391 611 primitiae:
1414 526 1533 594 deinde
1552 527 1595 594 ad
1610 526 1771 612 Ephesios
1788 525 1965 594 deseendit
2002 525 2075 593 Hoc
2088 545 2192 610 perro

183 615 235 680 Ne
256 614 328 697 quis
349 621 459 680 entem
485 621 620 696 quaerat
641 633 700 679 our
728 633 817 678 nnnc
838 611 946 694 potius
967 631 1064 695 quam
1095 610 1160 677 alic
1210 612 1253 677 ad
1285 613 1431 696 ipsorum
1464 615 1746 680 confirmationem
1776 632 1844 680 non
1876 633 1993 696 parum
2021 612 2098 679 lacit
2131 610 2189 698 (de

185 700 304 784 quovis
326 708 490 784 tempere:
512 698 597 765 hane
619 699 837 764 curiositatem
857 699 1046 777 antevertit,
1068 717 1161 781 prae-
1211 697 1364 780 Ephesiis
1385 699 1514 786 loquor)
1541 700 1628 784 quod
1653 720 1708 766 ecs
1730 697 1791 765 sibi
1819 708 1853 765 et
1879 697 2013 780 reliquis
2034 697 2190 764 fidelihus

183 786 337 850 stitutum
360 809 380 850 a
401 786 473 851 Deo
506 799 678 868 tempus
704 803 825 850 vcoans
852 782 1160 868 plenitudinis,
1211 799 1371 867 recenset,
1396 787 1452 868 qui
1479 796 1575 851 erant
1601 798 1759 868 tanquam
1780 785 1991 869 primogeniti
2019 785 2055 849 in
2083 782 2189 852 coele·

182 872 245 936 hee
269 883 320 937 est
347 882 512 937 maturum
543 880 575 934 et
601 880 831 952 opportunum.
876 867 1159 950 Quemadmodum
1211 871 1277 935 siat
1299 890 1337 935 ae
1359 872 1387 936 si
1409 872 1545 937 diceret:
1568 870 1692 937 Eadem
1715 882 1765 936 est
1787 872 1914 955 piorum
1939 870 2086 935 omnium
2107 890 2188 938 oon·

100 978 103 983 ·
183 956 225 1022 ad
247 956 386 1024 Galatas
408 958 513 1039 capite
534 956 565 1032 4,
581 955 612 1020 4.
656 955 813 1021 Coeroeat
833 955 935 1040 igitur
957 975 993 1020 se
1015 955 1161 1020 hnmana
1212 955 1292 1021 ditio
1313 976 1388 1021 curn
1411 968 1530 1024 vestra.
1563 957 1632 1022 Nos
1653 958 1753 1037 enim,
1774 976 1858 1040 quos
1876 959 1981 1039 primo
2002 955 2074 1022 lcoo
2090 975 2189 1023 roes·

184 1042 332 1125 audacia,
365 1048 399 1108 et
420 1043 455 1107 in
477 1041 691 1106 aestimandis
718 1060 828 1106 rerum
851 1039 975 1106 vicibus
1002 1040 1067 1105 Dei
1088 1060 1162 1124 pro-
1212 1043 1261 1109 vit
1285 1040 1385 1118 Dens,
1408 1048 1576 1126 acceptum
1600 1042 1660 1108 hec
1681 1042 1817 1108 ierimus
1834 1052 1986 1106 aeternae
2013 1043 2084 1108 eins
2104 1041 2190 1109 else·

185 1129 351 1193 videntiae
372 1148 407 1194 sc
429 1126 588 1194 subiiciat.
631 1126 757 1192 Eodem
786 1133 913 1207 spectat
934 1126 1071 1192 verbum
1094 1125 1160 1191 dis·
1211 1127 1302 1192 ticni.
1343 1128 1397 1193 Ite
1418 1147 1522 1194 omres
1538 1148 1560 1193 α
1576 1129 1683 1210 primo
1704 1127 1753 1212 (or
1772 1127 1953 1210 murmur)
1980 1128 2024 1192 ed
2040 1127 2191 1195 ο111σιιιιιι

183 1213 390 1297 pensationis.
434 1212 521 1278 Nam
552 1233 594 1278 ex
621 1211 686 1277 Dei
717 1211 834 1278 iudicio
861 1211 983 1295 pendet
1013 1211 1161 1296 legitima
1211 1233 1299 1278 οιαο
1319 1215 1426 1296 pratia
1446 1215 1581 1280 σοῑαιοαι
1602 1214 1729 1295 cdeplcs
1749 1214 1847 1280 docet:
1868 1215 1946 1294 quie
1960 1215 2065 1297 pratis
2080 1234 2189 1282 σοσνιι·

181 1320 292 1366 rernm
313 1299 459 1365 emnium
480 1297 730 1364 administratio.
1211 1300 1289 1366 dum
1309 1305 1468 1365 οαανιοοι
1489 1300 1660 1366 clodionem
1680 1299 1822 1380 adoptati
1840 1299 1971 1382 fcerirtt.

270 1383 320 1450 10.
352 1383 393 1451 Ut
416 1384 612 1467 reeoltiperet.
656 1383 761 1449 Vetus
790 1382 954 1465 interpres
983 1383 1083 1450 habet
1111 1383 1160 1448 in·
1300 1385 1364 1466 Qui
1386 1386 1492 1451 omnic
1509 1385 1613 1468 efficit.
1651 1384 1805 1450 Notanda
1821 1395 1872 1451 est
1889 1384 2098 1468 periphrasis,
2120 1405 2189 1471 qua

182 1482 341 1536 staurare.
385 1469 544 1536 Erasmus
576 1469 703 1534 addidit
726 1469 924 1535 summatim.
968 1470 1040 1553 Ego
1067 1468 1159 1534 verbi
1212 1470 1366 1535 describit
1396 1472 1501 1536 Deum
1529 1472 1637 1536 omnia
1669 1470 1775 1536 solnm
1808 1472 1856 1535 ita
1887 1479 2039 1552 agentem
2071 1486 2190 1556 suopte

182 1558 292 1640 graeei
313 1553 667 1640 ἀνακεφαλαιώσασθαι
692 1554 858 1637 propriam
887 1555 1159 1638 significationem
1211 1555 1355 1633 consilio,
1377 1566 1415 1621 ut
1437 1557 1520 1622 nihil
1542 1556 1668 1622 homini
1690 1557 1866 1638 relinquat.
1903 1556 2003 1622 Nulla
2020 1558 2123 1641 igitur
2141 1576 2187 1624 ex

182 1642 324 1709 retinere
354 1644 466 1723 malui,
497 1643 572 1725 quis
599 1642 768 1708 contextui
799 1638 917 1704 melius
949 1639 1158 1724 congruebat.
1211 1650 1303 1725 perte
1333 1642 1483 1708 hemines
1512 1643 1657 1708 admittit
1678 1642 1712 1706 in
1736 1642 1833 1708 huius
1855 1642 1961 1707 laudis
1986 1645 2189 1729 societatem,

185 1726 303 1794 Voluit
335 1729 433 1805 enim,
466 1748 540 1792 mec
573 1725 701 1806 iudicio,
734 1725 849 1791 dooere
882 1725 1015 1809 Paulus,
1049 1726 1161 1791 omnia
1211 1728 1304 1809 quasi
1332 1728 1454 1810 aliquid
1486 1728 1526 1793 de
1554 1747 1615 1794 suo
1643 1726 1820 1794 adferrent.
1864 1727 1957 1792 Nihil
1979 1730 2068 1794 enim
2089 1734 2189 1795 extra

182 1823 277 1879 extre
291 1812 463 1880 Christum
486 1812 644 1895 dissipata
664 1832 724 1895 per
745 1814 852 1894 ipsum
877 1813 910 1876 in
936 1811 1085 1877 ordinem
1108 1832 1158 1876 re·
1211 1834 1246 1878 se
1273 1814 1407 1896 respicit
1434 1812 1537 1891 Deus,
1570 1833 1635 1896 qno
1665 1815 1814 1879 flectatur
1841 1814 1882 1879 ad
1912 1834 1971 1879 nos
1999 1813 2187 1899 eligendos:

183 1899 279 1965 daote
300 1920 381 1967 esse.
418 1899 463 1964 Et
484 1918 563 1964 ssne
586 1908 680 1963 extra
695 1896 863 1964 Christum
885 1898 965 1980 quid
980 1898 1014 1962 in
1037 1896 1159 1962 mundo
1210 1899 1472 1983 quandoquidem
1501 1898 1605 1965 solum
1628 1898 1678 1963 1111
1700 1900 1850 1982 propriae
1872 1899 2052 1965 voluntatis
2074 1900 2188 1967 deors·

182 2005 317 2050 cernere
349 1984 436 2068 licet,
467 1992 597 2067 praeter
625 2003 733 2049 meras
762 1981 899 2049 ruinas?
942 1983 1028 2048 Nam
1057 2003 1157 2065 quum
1211 1997 1280 2049 tum
1303 2004 1402 2050 causa
1423 2000 1473 2050 est
1493 1986 1639 2068 elipends',
1671 1986 1846 2066 etquidem
1867 1986 2048 2069 iratrirtseec,
2075 1991 2113 2052 ret
2132 2004 2189 2053 eo·

182 2069 1160 2152 alienatiaDeesimusperpeccatum,qn1fieripotest
1209 2075 1297 2137 eant:
1322 2091 1382 2152 quo
1410 2070 1563 2150 refellitur
1584 2090 1689 2136 οοννιιι
1716 2090 1815 2153 ανον,
1847 2073 1910 2137 imo
1935 2073 2096 2152 οοσσοιιὲα,
2127 2073 2187 2156 puri

182 2164 220 2221 ut
242 2177 308 2222 non
330 2158 434 2222 simus
449 2157 604 2222 miserum
626 2156 659 2219 in
682 2155 814 2219 medum
837 2153 937 2237 palati
952 2174 989 2220 ao
1012 2151 1158 2220 disiecti?
1209 2157 1275 2221 nisi
1303 2157 1453 2221 rationem
1476 2158 1673 2239 perspicient
1697 2157 1734 2221 irs
1755 2155 1820 2221 Dei
1851 2157 1995 2237 operibus
2022 2159 2092 2222 eires
2115 2177 2187 2224 eors-

182 2242 248 2309 Hie
270 2244 356 2308 enim
379 2253 489 2308 rectus
510 2250 561 2306 est
583 2251 689 2306 status
710 2251 934 2305 ereaturarum
957 2250 994 2305 ut
1009 2239 1081 2304 Deo
1102 2239 1158 2304 ad·
1208 2242 1282 2306 silio
1302 2239 1472 2322 obstrepere
1491 2263 1553 2309 reor
1575 2243 1728 2308 decinam.
1772 2242 1889 2308 Finem
1913 2244 2033 2307 iterum
2056 2243 2186 2327 repetit,

183 2328 351 2394 haereant.
395 2327 508 2393 'Palem
538 2324 825 2410 ἀνακεφαλαίωσιν,
854 2347 938 2408 quae
964 2347 1023 2391 nos
1048 2327 1084 2390 in
1105 2346 1157 2390 er·
1210 2336 1253 2392 ut
1274 2327 1406 2393 simus
1428 2329 1467 2393 in
1490 2328 1667 2403 laudem,
1685 2340 1746 2394 ete.
1769 2328 1949 2408 Quiatnne
1965 2327 2096 2394 demum
2111 2328 2188 2396 illn-

183 2413 293 2478 dinem
330 2415 392 2479 rite
429 2413 642 2495 compositum
681 2413 882 2492 restitueret,
921 2411 1086 2494 apostolus
1121 2412 1157 2476 in
1209 2425 1336 2478 stratur
1364 2415 1397 2477 in
1428 2414 1520 2479 nobis
1543 2415 1605 2478 Dei
1634 2413 1748 2497 gloria,
1780 2415 1809 2479 si
1838 2414 1921 2478 nihil
1951 2414 2055 2479 simus
2085 2436 2186 2498 quam

182 2498 316 2567 Christo
339 2498 418 2565 dicit
446 2500 545 2564 fuisse
568 2499 700 2564 iactum.
744 2496 912 2580 Siquidem
939 2501 973 2562 in
997 2499 1068 2562 eius
1089 2518 1157 2563 eor·
1211 2519 1289 2562 vasa
1320 2499 1390 2564 eius
1420 2500 1668 2565 misericordiae.
1733 2504 1783 2565 Ac
1811 2521 1929 2565 nemen
1958 2498 2081 2583 gloriae
2108 2498 2186 2566 κατ’

181 2606 244 2670 pus
272 2582 481 2651 coalescendo
502 2592 536 2649 et
554 2583 625 2649 Deo
644 2585 784 2666 unimur,
806 2594 838 2648 et
857 2583 942 2648 iuter
964 2604 1026 2650 nes
1043 2593 1156 2649 mutuo
1208 2583 1337 2669 ἐξοχὴν,
1371 2585 1578 2666 peculiariter
1607 2606 1680 2650 eam
1709 2587 1880 2668 significat,
1914 2604 1998 2669 qnae
2019 2587 2128 2652 elucet
2148 2587 2187 2652 in

183 2691 298 2737 sumus
316 2671 489 2739 coniuncti.
534 2669 684 2753 Denique
706 2669 778 2735 sine
799 2668 934 2734 Christe
955 2679 1042 2734 tetus
1064 2691 1157 2734 mun·
1209 2670 1272 2735 Dei
1297 2671 1448 2736 bonitate.
1493 2671 1585 2736 Nihil
1615 2672 1700 2736 enim
1730 2673 1836 2754 magis
1864 2683 1915 2736 cst
1941 2671 1989 2736 illi
2015 2673 2186 2755 preprium

182 2755 244 2823 dus
269 2768 320 2824 est
341 2757 436 2841 quasi
457 2754 602 2822 deforme
630 2753 730 2820 chaos
756 2763 790 2819 et
811 2753 974 2819 horrenda
999 2756 1154 2822 confusio.
1207 2758 1242 2820 in
1265 2776 1330 2839 quc
1352 2756 1527 2838 glorificari
1549 2757 1630 2822 velit
1652 2776 1748 2839 quam
1773 2756 1909 2824 bonitas.

182 2842 281 2909 Solus
314 2844 384 2926 ipse
412 2861 471 2908 nos
504 2840 626 2925 colligit
659 2841 695 2905 in
729 2861 839 2905 veram
873 2842 1044 2905 unitatem.
1088 2840 1155 2906 Sed

181 2949 240 2994 eur
261 2929 416 2995 coelestes
433 2938 600 3025 creaturas
622 2926 715 3009 ponit
736 2926 770 2990 in
795 2925 856 2991 hcc
872 2925 1155 3026 numere?·neque
1295 2927 1349 3025 ¹3:
1380 2927 1423 2992 ln
1449 2946 1509 3026 quo
1533 2947 1588 2992 eos
1608 2929 1712 3008 etiem,
1740 2929 1848 2994 cudite
1869 2950 2010 2996 εσινιιονο
2032 2929 2186 3010 veritatis,

181 3035 270 3166 tlt?
283 3010 1061 3183 ..tlhtetrirl¹¹⁰lt²⁰tz0il⁰t⁸ttgtt
1083 3032 1156 3162 lt.
1207 3013 1394 3180 1111111,
1401 3013 2188 3183 imtsttttttm

182 3185 246 3253 dici
268 3185 429 3262 collectos,
463 3186 539 3269 quia
566 3183 631 3250 illis
655 3183 825 3248 coadunati
848 3183 969 3248 fuerint
997 3183 1156 3266 homines,
1210 3184 1260 3248 14.
1299 3183 1361 3264 Qui
1384 3189 1429 3248 est
1449 3183 1584 3250 arrhabo
1600 3185 1802 3251 haereditetis
1822 3194 1955 3271 nostrae,
1985 3191 2021 3253 ire
2041 3189 2186 3270 redeam·

180 3283 220 3337 ut
241 3272 365 3356 pariter
387 3273 516 3354 utrique
537 3269 609 3335 Dec
640 3270 804 3335 coniuncti
826 3269 862 3333 in
886 3268 946 3334 hec
969 3270 1063 3334 beata
1085 3271 1155 3335 uni·
1207 3271 1319 3335 tionem
1340 3271 1512 3352 οσοαίσὸίοσ
1526 3273 1747 3354 possessionis
1770 3272 1942 3338 intendem
1961 3275 2082 3358 pieriae
2103 3275 2185 3341 eires.

183 3365 251 3423 tate
280 3378 486 3424 communem
509 3355 741 3421 beatitudinem
769 3355 948 3420 obtineant.
993 3353 1155 3435 Quemad-

180 3444 313 3510 modum
330 3455 435 3509 totum
448 3441 630 3508 aedificium
647 3443 864 3506 instauratum
884 3439 990 3505 dicere
1005 3440 1155 3518 solemus,
1294 3439 1359 3506 Hie
1380 3443 1482 3507 scoies
1508 3442 1570 3506 sibi
1591 3454 1623 3507 st
1645 3442 1791 3525 reliquia,
1813 3445 1870 3526 qui
1892 3445 1995 3509 veluti
2019 3445 2187 3528 primitiae

182 3532 266 3613 qued
300 3530 413 3595 multis
440 3527 586 3612 partibus
616 3527 666 3591 vel
696 3528 864 3592 ruinosum
896 3526 948 3591 vel
977 3525 1155 3610 collapsum
1208 3540 1320 3610 erant,
1353 3527 1513 3610 Ephesios
1549 3528 1707 3611 adiungit.
1756 3528 1840 3593 Nam
1875 3531 2027 3595 similiter
2059 3550 2115 3596 ecs
2145 3533 2183 3597 in

182 3629 262 3694 erat,
292 3615 421 3681 etiamsi
451 3614 576 3697 aliquae
598 3618 707 3696 partes
729 3614 877 3697 integrae
906 3622 1039 3677 starem.
1083 3611 1157 3680 Hoc
1210 3613 1342 3680 Christe
1380 3634 1527 3694 sperasse
1567 3615 1654 3680 dicit.
1708 3612 1783 3679 Huc
1820 3628 1929 3680 autem
1965 3624 2108 3698 spectat,
2145 3628 2187 3682 ut

183 3701 313 3784 quidem
337 3721 451 3767 verum
472 3711 531 3766 est.
576 3699 666 3765 Nihil
689 3711 799 3764 tamen
822 3697 959 3779 impedit
984 3699 1157 3779 quominus
1209 3699 1362 3765 ostendat
1391 3699 1527 3763 eandem
1557 3722 1627 3765 csse
1655 3702 1801 3782 utrisque
1830 3701 1937 3767 tidem.
1981 3702 2059 3767 Ideo
2088 3720 2186 3785 repe·

180 3788 314 3871 angelos
341 3807 470 3870 queque
497 3786 642 3852 dieamus
671 3783 859 3850 recollectos
885 3783 994 3863 fuisse,
1022 3805 1087 3848 non
1115 3805 1156 3848 ex
1210 3784 1343 3849 tendum
1372 3796 1421 3848 est
1442 3783 1577 3849 verbum
1601 3786 1765 3868 sperastis.
1806 3788 1931 3852 ‘Postea
1952 3789 2083 3854 subiicit
2101 3807 2184 3870 quo·

182 3873 401 3957 dissipatione,
429 3871 485 3937 sed
507 3874 649 3954 primum
683 3880 721 3935 ut
744 3869 884 3953 perfecte
912 3876 946 3932 et
975 3868 1077 3933 selide
1099 3869 1155 3934 ad·
1209 3869 1304 3935 modo
1336 3869 1376 3934 ed
1406 3891 1496 3954 spem
1527 3870 1616 3935 illam
1647 3871 1778 3936 adducti
1804 3874 1937 3957 fuerint,
1972 3895 2089 3956 nempe
2122 3893 2187 3957 per

182 3960 340 4024 haereant
369 3960 457 4024 Dec:
490 3957 605 4024 deiude
635 3967 672 4023 ut
701 3965 895 4041 perpetuum
926 3962 1049 4019 statum
1081 3956 1155 4020 reti·
1209 3953 1372 4039 evangelii
1403 3956 1685 4038 praedicationem.
1729 3957 1861 4040 Duplici
1894 3969 2003 4024 autem
2036 3958 2186 4042 epitheto

181 4056 290 4122 neaut.
336 4045 430 4125 Quae
463 4045 548 4108 enim
582 4043 750 4127 propertio
783 4049 951 4107 creaturae
983 4039 1025 4103 ad
1057 4039 1156 4105 Crea-
1209 4040 1418 4125 evangelium
1441 4053 1546 4116 ornat,
1566 4043 1650 4124 qued
1673 4044 1717 4106 sit
1737 4066 1843 4109 sermo
1859 4047 2017 4120 veritatis,
2040 4057 2074 4109 et
2094 4045 2182 4128 qued

182 4146 297 4210 torem,
330 4132 393 4195 nisi
424 4129 623 4194 intercedeat
652 4125 832 4193 mediator?
881 4122 1052 4205 Quatenus
1078 4146 1156 4192 vero
1209 4126 1361 4210 Ephesiis
1396 4128 1493 4192 luerit
1527 4128 1642 4192 salutis
1676 4131 1940 4196 instrumentum.
1993 4131 2085 4195 Haeo
2115 4130 2187 4196 duo

180 4226 259 4281 aunt
290 4228 469 4294 creaturae,
503 4215 565 4279 nisi
588 4215 712 4280 Christi
740 4212 893 4279 beneficio
922 4212 1156 4289 eximerentur,
1208 4213 1352 4294 epitheta
1390 4213 1564 4296 diligenter
1595 4214 1799 4279 observanda
1831 4227 1917 4281 sunt.
1961 4216 2045 4281 Nam
2080 4236 2182 4299 quum

181 4302 356 4366 mutationi
377 4310 489 4367 essent
512 4300 645 4366 obnoxii
667 4309 701 4364 et
722 4297 908 4364 detentioni:
931 4317 968 4359 ac
985 4312 1156 4379 propterca
1209 4298 1294 4362 nihil
1314 4300 1418 4382 magis
1440 4299 1592 4364 moliatur
1606 4299 1721 4377 Satan,
1742 4320 1838 4381 quam
1858 4312 1894 4365 ut
1917 4302 1969 4367 vel
1990 4313 2183 4386 contemptu

181 4408 242 4453 nee
265 4394 434 4452 aeternum
458 4387 554 4452 beati.
600 4386 685 4466 Quis
706 4405 785 4469 ergo
809 4388 907 4466 neget
933 4396 997 4446 tarn
1022 4383 1156 4468 angelos
1209 4385 1380 4466 evangelii,
1414 4384 1468 4449 vel
1496 4385 1696 4449 dubitatione
1726 4398 1853 4451 mentes
1883 4397 2010 4453 nostras
2039 4388 2187 4454 imbuat:

179 4493 278 4557 quam
311 4472 461 4537 homines
493 4475 528 4536 in
557 4473 688 4536 firmum
723 4470 870 4535 ordinem
893 4466 1019 4532 Christi
1049 4471 1156 4554 gratia
1208 4468 1332 4535 duobus
1354 4467 1553 4554 clypeisnos
1576 4470 1768 4536 hicPaulus
1790 4473 1905 4550 munit,
1928 4473 2043 4556 quibus
2059 4486 2183 4538 utram·

181 4562 282 4625 luisse
304 4556 477 4624 redactos?
520 4557 683 4622 Homines
711 4557 800 4622 enim
823 4553 940 4639 perditi
963 4569 1065 4631 erant,
1096 4577 1154 4620 an·
1208 4576 1271 4637 que
1287 4558 1500 4620 tentationem
1517 4555 1752 4638 propulsemus.
1789 4558 1880 4641 Ergo
1897 4558 2053 4624 adversus
2067 4578 2187 4626 omncs

179 4646 245 4730 geli
280 4665 357 4710 vere
390 4665 458 4709 non
491 4659 584 4708 erant
616 4650 711 4707 extra
744 4640 933 4725 pericnlum.
993 4639 1155 4723 Utrosque
1208 4641 1426 4706 dubitationes
1460 4642 1621 4707 discamus
1655 4642 1715 4706 hoc
1748 4646 1971 4708 testimonium
2005 4663 2186 4728 opponere,

179 4733 282 4815 igitur
311 4730 466 4796 Christus
497 4731 531 4794 in
569 4748 688 4812 corpus
714 4749 810 4794 suum
838 4724 1049 4792 coadunando
1083 4724 1155 4792 Dec
1208 4727 1413 4808 evangelium
1444 4748 1508 4792 non
1531 4728 1627 4792 modo
1653 4738 1776 4794 certam
1799 4750 1869 4794 esse
1891 4732 2072 4809 veritatem,
2098 4750 2184 4814 quse

179 4818 266 4900 patri
296 4816 479 4894 coniunxit,
513 4825 549 4880 ut
581 4836 661 4879 vera
690 4813 862 4878 harmonia
883 4811 917 4875 in
949 4813 1037 4878 coelo
1058 4823 1092 4878 et
1119 4812 1154 4877 in
1208 4812 1319 4876 fallere
1341 4815 1471 4894 nequit:
1500 4814 1557 4878 sed
1580 4811 1653 4878 κατ’
1675 4812 1792 4899 ἐξοχὴν
1816 4816 1923 4881 vocari
1953 4837 2182 4882 sermonem

177 4919 267 4968 terra
288 4912 461 4966 constaret.
1207 4899 1431 4975 veritatis,
1461 4899 1552 4981 quasi
1581 4911 1675 4965 extra
1697 4904 1803 4982 ipsum
1827 4900 1918 4966 nulla
1943 4913 2029 4967 esset
2050 4902 2188 4986 proprie

268 4988 319 5053 11.
352 4985 417 5052 Per
448 5007 537 5068 qroem
569 4987 673 5052 elium.
718 4985 814 5050 Nune
847 4984 1075 5051 distributione
1107 4984 1155 5049 nti
1207 4983 1337 5049 veritas.
1384 4983 1512 5049 Deinde
1534 5007 1653 5068 nequo
1675 5006 1818 5068 unquam
1842 4986 1892 5052 vel
1915 4999 2105 5070 eontsmptu
2128 4986 2184 5054 vei

178 5075 306 5157 incipit.
350 5072 520 5138 Hactenus
550 5072 590 5138 de
611 5071 762 5137 omnibus
791 5071 901 5137 electis
922 5071 1077 5154 loquutus
1105 5079 1156 5135 est
1208 5070 1314 5134 taedio
1337 5069 1559 5150 sollicitemur,
1593 5084 1742 5136 occurrat
1774 5092 1857 5155 qnae
1889 5075 1933 5138 sit
1965 5075 2035 5138 eius
2068 5075 2122 5140 vis
2148 5085 2186 5139 et

178 5161 214 5223 in
243 5179 382 5242 genere:
411 5176 498 5223 nnnc
527 5157 567 5223 dc
590 5180 624 5224 se
655 5169 688 5222 et
708 5157 838 5222 ludaeis
864 5156 1015 5240 loquitur,
1046 5155 1098 5222 vel
1126 5156 1155 5220 si
1207 5156 1350 5232 effeetus,
1368 5157 1427 5219 hee
1445 5167 1504 5233 est,
1521 5155 1605 5237 qued
1623 5157 1761 5221 salutem
1774 5160 1867 5223 nohis
1882 5159 2025 5224 afferrat.
2061 5156 2185 5240 Quem.

174 5246 297 5325 mavis,
331 5245 371 5310 de
400 5241 551 5311 omnibus
580 5245 635 5326 qui
664 5255 760 5310 erant
789 5241 893 5308 veluti
921 5241 1152 5308 christianismi
1208 5241 1380 5306 admodum
1404 5241 1480 5307 alibi
1502 5240 1610 5326 (Rom.
1636 5242 1663 5321 1,
1688 5243 1741 5327 16)
1763 5243 1867 5321 docet,
1889 5265 1960 5310 esse
1982 5244 2045 5309 1)σ1
2068 5249 2192 5327 poton.
