4762 6016
192 368 260 442 253
1098 373 1251 440 CAPUT
1273 373 1301 438 1.
2141 373 2209 441 254

194 568 389 653 mpetum
419 569 541 654 glorios
572 567 654 636 beuti
680 566 755 653 Dei,
788 567 871 650 quod
897 567 1105 637 meereditterr
1132 572 1177 636 eet
1228 567 1370 635 hebetur
1390 566 1552 635 Asterum
1571 564 1624 649 15,
1645 565 1676 644 9,
1698 564 1784 650 quod
1798 567 1891 632 Deus
1912 565 1977 632 ide
1997 567 2098 635 eorde
2118 569 2206 655 puri·

192 653 282 722 milti.
788 703 791 708 -
1227 655 1313 721 fioet.
1364 651 1417 720 De
1446 652 1531 719 bone
1561 652 1760 719 oonsoientie
1788 657 1930 718 testetur
1959 651 2087 740 Petrus
2120 654 2207 741 quod

1227 739 1366 806 iundete
1394 738 1495 804 sitin
1516 738 1755 805 resurreetione
1777 735 1902 804 Ohrieti
1924 738 1968 823 (1.
1990 737 2064 806 Pet.
2085 739 2119 824 3,
2138 739 2207 830 21).

283 824 448 907 Quonim
480 825 660 893 nebulones
687 825 751 904 illi,
783 823 977 908 quibuscum
1006 826 1175 910 negotium
1227 824 1317 893 Hine
1335 844 1430 909 porro
1448 823 1611 909 doeemur,
1633 842 1797 909 nusqnem
1811 843 1884 892 esse
1898 843 2010 891 rerem
2025 825 2207 911 ιιιὶιιιιιιι,

196 909 339 979 bebebst
369 910 577 991 Timotheus,
607 911 692 998 legis
722 919 894 996 preetextu
925 932 961 979 ee
992 910 1174 978 ieotebent:
1228 912 1285 977 nbi
1315 930 1383 977 non
1411 920 1461 976 est
1490 911 1588 976 timor
1621 909 1686 976 Dei
1715 917 1748 976 et
1774 909 1993 978 oonsoientiee
2021 911 2206 999 integritus.

195 998 272 1065 ideo
304 998 461 1081 mtioipet
488 996 623 1076 Peulns,
655 1018 694 1064 eo
724 996 820 1065 dooet
848 995 957 1082 legem
985 1017 1052 1063 non
1082 996 1176 1064 modo
1228 996 1298 1063 Nee
1318 995 1437 1064 leviter
1458 994 1733 1079 praetereundum
1755 1005 1816 1076 est,
1845 994 1930 1080 quod
1952 995 2092 1083 singulis
2114 997 2207 1066 eddit

196 1084 262 1153 illis
284 1081 367 1149 nihil
390 1082 574 1168 sullregeri,
595 1081 653 1150 sed
675 1083 784 1167 potine
798 1103 870 1150 esse
886 1081 1077 1150 edversem:
1099 1103 1176 1150 enm
1228 1082 1384 1167 epitheto.
1434 1080 1529 1148 Nihil
1561 1082 1650 1147 enim
1683 1082 1789 1166 megie
1817 1080 1963 1167 vulgum,
1996 1083 2092 1150 sienti
2122 1083 2207 1152 nihil

196 1169 372 1254 stengelio
402 1177 524 1253 entem,
553 1167 640 1253 qnod
666 1167 738 1253 ipse
767 1168 929 1246 dooueret,
958 1171 1080 1252 optime
1097 1188 1175 1235 oon·
1229 1168 1335 1254 megis
1355 1166 1450 1236 ieoile
1471 1177 1534 1250 est,
1555 1187 1654 1251 quem
1676 1167 1774 1234 fidem
1792 1178 1825 1233 et
1840 1169 1958 1235 bouem
1973 1169 2207 1238 oonseientiem

196 1254 322 1324 venire.
357 1253 469 1338 Neque
491 1255 579 1321 enim
601 1253 761 1321 absimilis
783 1266 855 1321 eret
876 1255 1008 1320 illorum
1031 1255 1175 1322 defensio
1228 1255 1361 1322 leotsre.
1405 1251 1473 1321 Sed
1503 1254 1760 1338 quotusquisque
1786 1262 1836 1320 est
1859 1255 1914 1336 qui
1936 1255 2031 1322 foetis
2052 1255 2093 1321 eb
2114 1257 2207 1322 omni

195 1338 873 1511 :letttldtlltltttll‘li
892 1350 1176 1492 distillet
1228 1339 2206 1512 altsteti”stittuttltttt‘igitt‘hm

197 1510 288 1579 theol
332 1513 377 1578 ‘et
400 1512 495 1595 qnesi
516 1533 591 1579 eem
611 1511 672 1580 soli
693 1512 729 1577 in
750 1513 826 1580 sinn
843 1531 905 1579 sno
923 1511 1084 1578 foverent.
1123 1510 1177 1578 Ite
1230 1511 1332 1579 leoem
1353 1533 1424 1578 esee
1446 1513 1517 1578 eius
1539 1511 1782 1596 professionem,
1804 1510 1859 1579 ubi
1882 1531 1948 1579 non
1968 1532 2010 1596 ep
2089 1511 2206 1580 tbons

196 1599 246 1666 illi
262 1532 352 1666 dille
375 1597 626 1698 eloquebeutur
640 1608 678 1663 nt
691 1598 850 1698 inridism
865 1597 970 1698 Peulo
984 1598 1175 1665 oonfleront.
1229 1598 1439 1681 eonseientie,
1469 1597 1525 1663 ubi
1547 1599 1667 1664 oerites
1686 1618 1724 1697 ιι
1746 1618 1810 1664 non
1833 1599 1967 1665 exserit.
2029 1617 2207 1684 umquem

195 1683 287 1767 Quid
314 1699 427 1751 eutem
455 1681 534 1750 ellel
577 1682 653 1766 Quo
674 1682 781 1750 iumos
800 1683 876 1751 rlloe
897 1683 1060 1765 desentim,
1088 1683 1176 1750 ultro
1229 1684 1293 1751 lide
1324 1692 1452 1750 oonstet
1484 1684 1573 1750 selus
1606 1684 1789 1768 homnem,
1820 1683 1887 1751 fide
1918 1693 2029 1751 eutem
2059 1690 2093 1749 et
2122 1684 2208 1753 bone

194 1791 256 1857 per
276 1772 521 1854 ooeupetionem
542 1790 635 1836 suem
657 1769 839 1836 deotrinem
861 1769 984 1854 optime
1011 1790 1085 1837 oum
1103 1769 1176 1855 lege
1228 1769 1428 1837 oonsoientie
1455 1780 1489 1836 et
1514 1770 1650 1838 eeritete
1670 1778 1798 1836 oonstet
1818 1771 1981 1854 persuetus
2002 1767 2067 1837 Dei
2088 1769 2208 1854 uultus,

194 1876 376 1942 eongruere
398 1854 616 1923 demonstret:
641 1865 676 1922 ιι
697 1875 753 1923 ιιι
774 1875 889 1923 omnes
952 1876 1082 1940 rperem
1102 1853 1176 1941 lege
1228 1855 1311 1921 nihil
1339 1855 1459 1922 mirum
1481 1857 1509 1922 si
1531 1857 1566 1921 in
1588 1856 1641 1922 bie
1662 1853 1789 1921 Peulus
1810 1856 1991 1923 eonstituet
2011 1854 2096 1941 legis
2116 1875 2210 1924 sumd

195 1941 289 2010 etuti
305 1942 362 2026 qui
377 1943 412 2007 in
427 1941 529 2008 elium
543 1941 644 2008 finem
658 1963 699 2009 ee
712 1952 862 2008 utuntur.
924 1940 1176 2008 uemedmodum
1228 1963 1326 2010 mem.

195 2026 304 2112 bodie,
326 2029 434 2111 posits
454 2047 553 2095 verse
568 2026 754 2114 theologius
772 2027 972 2112 definitione,
993 2027 1102 2111 pelem
1121 2049 1176 2113 ep-
1314 2028 1346 2098 6,
1366 2028 1401 2093 A
1430 2026 1544 2110 quobus
1565 2031 1744 2111 postquem.
1792 2027 1925 2093 Perstet
1952 2028 1989 2094 in
2016 2026 2209 2113 metepbore

194 2121 300 2268 met,
332 2134 393 2179 nos
424 2133 545 2198 oupere
577 2113 683 2199 ipsum
716 2114 913 2198 restitutum,
945 2134 1029 2198 quse
1055 2115 1175 2182 misere
1228 2114 1327 2213 soopi,
1349 2113 1403 2180 rel
1425 2113 1509 2179 finis.
1548 2112 1633 2179 Nem
1656 2111 1794 2182 verbum
1816 2112 1975 2200 ἀστοχιῖν,
1998 2115 2091 2181 ouius
2107 2114 2208 2199 perti·

266 2207 337 2266 rete
363 2211 397 2266 et
419 2199 602 2267 deformem
623 2199 686 2266 luit
708 2198 749 2266 eb
770 2200 845 2266 istie
867 2197 1091 2285 nugetoribus,
1119 2199 1175 2283 qui
1228 2201 1348 2282 oiprum
1370 2199 1425 2266 hie
1446 2199 1594 2279 hebetur,
1616 2200 1780 2284 signifioet
1796 2219 1816 2264 ι
1835 2220 1932 2284 seopo
1949 2198 2130 2280 defleotere‚
2152 2197 2208 2266 rel

195 2284 422 2371 theologorum
462 2284 560 2352 titulo
610 2285 734 2352 irustre
770 2285 879 2352 infleti
919 2284 1004 2352 nihil
1044 2295 1176 2369 prester
1229 2287 1389 2353 aborrere.
1437 2284 1501 2352 Est
1528 2297 1638 2351 eutem
1666 2286 1805 2369 insignis
1833 2284 1933 2366 loeus,
1961 2304 2026 2368 quo
2056 2283 2208 2352 venilo-

196 2370 319 2439 dilntes
350 2392 390 2439 ee
421 2369 560 2458 frigidus
592 2391 699 2457 noges
732 2379 856 2439 tenent
910 2370 1175 2456 Preeoeptum
1228 2371 1314 2455 quii
1342 2371 1541 2440 eundemnet
1568 2371 1732 2438 doetrinae
1760 2390 1875 2437 omnes
1900 2369 2020 2456 quibus
2044 2370 2098 2438 hie
2121 2391 2207 2438 unus

195 2456 252 2524 hio
272 2479 332 2541 pro
353 2456 426 2543 lege
448 2457 584 2542 eooepit,
604 2465 733 2542 purtem
757 2475 817 2540 pro
839 2465 918 2524 toto.
1227 2456 1305 2525 finis
1326 2478 1390 2524 non
1413 2466 1465 2523 est
1485 2459 1679 2542 propositus
1717 2457 1763 2524 Bt
1783 2456 1883 2523 simul
1905 2456 2053 2523 omnium
2073 2455 2207 2542 ingenie

281 2543 313 2610 b.
337 2540 466 2611 Corios
492 2562 531 2610 err
551 2562 639 2626 puro
662 2543 761 2611 eorde.
803 2542 858 2610 Ad
880 2542 968 2610 huno
989 2563 1124 2627 eeopnm
1147 2543 1175 2609 ei
1227 2552 1262 2611 et
1289 2544 1502 2629 eogitstiones
1529 2562 1723 2621 evenesoere
1745 2541 1909 2623 edmonet,
1939 2540 1993 2608 ubi
2016 2541 2081 2608 elio
2102 2542 2207 2626 respi-

196 2629 251 2698 lex
281 2629 454 2716 dirigende
480 2638 532 2696 est
559 2638 598 2694 nt
626 2629 838 2695 instituemur
859 2630 895 2694 in
917 2630 1063 2711 eeritete,
1092 2649 1177 2712 ques
1227 2630 1329 2698 eiunt.
1369 2628 1461 2695 Fieri
1490 2627 1620 2713 quidem
1648 2629 1769 2712 poterit
1790 2640 1827 2694 ut
1849 2626 1968 2695 multos
1989 2628 2043 2694 sui
2064 2625 2206 2694 ιὰιιίιι·

197 2737 242 2785 ox
269 2713 335 2782 lide
363 2722 398 2784 et
422 2713 510 2782 bone
529 2714 731 2784 oonsoientie
760 2714 931 2799 prooedet:
959 2714 1106 2799 sequitur
1133 2736 1177 2783 ex
1228 2717 1316 2783 tione
1344 2713 1522 2799 peroellent
1542 2714 1679 2781 inutiles
1700 2715 1863 2799 ergutiee:
1889 2723 1958 2781 stet
1979 2723 2089 2780 ιιιιιι
2109 2712 2209 2781 Peuli

196 2800 350 2881 edemso,
386 2820 560 2886 perorsos
595 2820 669 2869 esee
699 2800 784 2885 legis
815 2801 1011 2884 interpretes
1043 2801 1101 2885 qni
1133 2798 1176 2867 ed
1228 2800 1400 2879 metentis,
1433 2798 1592 2884 quidquid
1622 2801 1658 2866 in
1691 2801 1811 2884 pietete
1844 2819 1912 2866 non
1943 2799 2101 2880 meinent,
2133 2818 2207 2867 esee

195 2888 344 2957 onrioses
386 2886 595 2970 queestionee
637 2886 708 2953 eius
747 2884 927 2964 deotrinem
966 2894 1176 2954 eonvertnnt
1228 2884 1470 2976 ματαιολογίαν.
1503 2887 1615 2968 Qusre
1636 2905 1845 2971 summopere
1861 2883 2044 2954 serendum
2059 2907 2102 2953 ne
2115 2883 2208 2953 eliud

195 2971 372 3042 Oeetmurn
400 2992 468 3039 non
496 2971 609 3055 megm
636 2972 786 3058 interest,
813 2973 984 3039 ιιιίιιιιιιι
1014 2971 1078 3040 boo
1105 2973 1176 3041 loeo
1228 2993 1426 3059 qneeremus
1447 2973 1482 3037 in
1504 2981 1713 3041 seorosenoto
1730 2972 1795 3039 Dei
1816 2972 1927 3051 verbo,
1948 2991 2046 3055 quem
2068 2969 2207 3038 solidum

196 3057 240 3126 sd
261 3066 369 3125 utrem
392 3078 436 3125 ne
456 3056 540 3144 legis
557 3056 716 3140 ubuum,
738 3078 781 3125 en
797 3057 839 3124 ed
853 3058 1030 3125 seeundem
1045 3065 1175 3125 tentum
1228 3058 1498 3140 sediliosdonem,
1520 3080 1563 3124 ne
1583 3056 1655 3142 ipse
1676 3057 1798 3143 ulloqui
1815 3058 1851 3125 in
1869 3057 1962 3125 nobis
1977 3055 2122 3125 vindieet
2135 3056 2207 3123 eine

196 3145 330 3212 referes.
392 3142 532 3211 ubemur
551 3141 662 3211 Deum
689 3163 731 3211 ex
758 3150 827 3211 toto
848 3142 946 3212 eorde
967 3142 1113 3229 diligere,
1142 3153 1177 3210 ιι
1227 3146 1366 3214 ebusum
1388 3155 1456 3210 tem
1476 3163 1593 3211 severo
1614 3144 1775 3229 exemplo.
2090 3223 2094 3231 .

194 3232 364 3316 proximos
384 3240 423 3297 ut
443 3230 672 3314 nosmetipsos.
708 3229 777 3298 Sed
798 3250 901 3314 quum
922 3228 964 3298 de
985 3232 1121 3297 oeritste
1137 3231 1176 3297 fit
1315 3231 1344 3296 l.
1370 3228 1511 3298 Veientes
1530 3248 1606 3296 esse.
1648 3228 1725 3296 Non
1747 3240 1840 3298 texet
1861 3251 1917 3297 eos
1938 3230 1994 3315 qui
2016 3235 2127 3315 eperts
2147 3228 2207 3295 im-

195 3318 320 3385 mentio
340 3317 376 3383 in
398 3317 572 3401 seripture,
592 3318 724 3401 seepins
740 3316 783 3384 sd
797 3318 977 3384 seeundum
993 3315 1176 3383 membrum
1227 3323 1379 3403 pugnent
1409 3317 1493 3401 legis
1525 3315 1725 3399 doetrinem,
1756 3317 1815 3384 sed
1847 3318 1904 3403 qui
1936 3316 2044 3402 potius
2071 3336 2107 3382 ιι
2134 3316 2210 3383 eius

196 3403 417 3488 restringitur.
468 3401 534 3468 Hie
565 3402 698 3487 quidem
730 3423 797 3469 non
830 3403 1014 3470 dubitarem
1046 3399 1110 3468 Dei
1142 3409 1178 3468 et
1228 3403 1325 3470 titulo
1348 3402 1531 3471 venditent.
1574 3401 1672 3471 'Peles
1693 3412 1793 3490 neget
1814 3403 1990 3488 quidquem
2011 3400 2212 3489 intelligere,

186 3488 337 3571 proximi
350 3489 520 3554 oeritetem
535 3487 730 3574 intelligere,
744 3490 890 3556 sisolum
899 3489 1045 3558 oeritetis
1055 3509 1176 3555 nomen
1229 3508 1331 3573 quum
1361 3487 1522 3557 inutiliter
1548 3490 1584 3555 in
1613 3488 1858 3573 quaestionibus
1879 3490 2013 3558 euriosis
2034 3488 2210 3574 ingenium

259 3573 341 3659 'tum
363 3585 450 3639 esset
470 3594 490 3639 ι
512 3573 628 3641 Peulo.
672 3572 740 3643 Sed
761 3597 864 3660 quum
886 3574 987 3643 eddst
1006 3575 1115 3655 iidem,
1143 3585 1177 3641 et
1228 3575 1379 3660 irrigent.
1423 3574 1468 3641 lit
1497 3575 1595 3643 simul
1624 3595 1739 3643 eorum
1760 3575 1982 3661 errogentism
2046 3574 2207 3674 retringit,

240 3678 317 3724 nem
339 3658 582 3740 eonsoientiem,
604 3669 639 3726 et
658 3681 715 3728 eor
735 3681 874 3745 purum:
906 3682 973 3728 non
995 3661 1058 3728 erit
1086 3662 1176 3740 beee,
1229 3684 1331 3746 quum
1359 3662 1459 3740 eddit,
1488 3661 1534 3729 de
1562 3661 1708 3746 quibus
1736 3661 1954 3728 eiiirment.
2005 3595 2095 3726 linui
2116 3680 2206 3728 emm

194 3740 940 3918 sustinetsustinet
961 3748 1176 3917 irritet
1228 3747 1432 3912 uteru
1447 3745 2207 3918 eetzutdlrutwtt‘tuftu

194 3935 328 3984 summe
348 3921 410 4000 ιιι,
435 3925 473 3982 ιιι
492 3913 604 3983 Deum
626 3915 770 3985 oolemns
792 3920 921 3985 sineere
941 3918 1019 4004 fide,
1039 3927 1073 3984 ιι
1093 3939 1177 4001 pure
1230 3940 1303 3986 mus
1330 3917 1427 3985 hodie
1455 3938 1520 4003 quo
1546 3920 1632 3986 leste
1651 3928 1686 3986 ιι
1706 3917 1880 4002 supersilio
1901 3917 2109 4004 megistreles
2129 3936 2207 3984 sues

194 4002 415 4070 oonsoientie:
442 4000 561 4068 deinde
589 4011 627 4068 nt
654 4022 715 4069 nos
736 4014 850 4071 mutuo
873 4024 1031 4072 ememus
1076 4002 1175 4086 Quis·
1229 4003 1520 4071 determinetiones
1540 4014 1677 4088 erepent
1692 4003 1883 4072 sorbonieee
1900 4003 2040 4072 eoholse.
2077 4000 2208 4086 Quibus

198 4088 274 4172 quis
295 4089 375 4155 hino
396 4087 551 4172 defleotit,
570 4087 628 4154 ille
649 4086 689 4155 de
711 4100 806 4158 reret
826 4089 934 4174 legem
949 4090 1023 4169 Dei,
1045 4089 1080 4155 in
1098 4089 1175 4156 elie·
1230 4098 1339 4156 eutem
1360 4090 1401 4156 de
1423 4089 1542 4157 rebus?
1579 4090 1706 4172 Nempe
1727 4111 1811 4174 quse
1831 4090 1964 4174 penitus
1981 4088 2110 4158 ebditee
2127 4095 2208 4155 sunt

198 4193 281 4240 num
301 4174 403 4241 finem
420 4172 652 4260 detorquendo.
775 4176 829 4244 hio
846 4174 995 4242 exoritur
1009 4174 1178 4257 dubitetio,
1230 4174 1385 4242 humenis
1406 4175 1559 4261 ingeniis,
1580 4175 1672 4242 nullo
1692 4176 1875 4262 seripturee
1896 4175 2007 4256 verbo,
2028 4175 2122 4242 nulle
2143 4194 2206 4255 nn·

197 4258 287 4344 qnod
308 4260 481 4327 eeritetem
501 4260 579 4327 lidei
599 4261 765 4344 preeierre
785 4261 918 4330 videtur
939 4261 1074 4328 Peulus.
1109 4261 1177 4328 Re·
1229 4280 1326 4346 quem
1364 4261 1564 4329 revolutione
1602 4261 1793 4346 peteisotse.
1850 4262 1975 4330 bieiore
2010 4259 2211 4329 eoniidentie

189 4345 353 4432 spondeo,
373 4366 439 4424 eos,
457 4345 514 4431 qni
534 4347 582 4414 ite
598 4347 755 4432 sentium,
777 4349 877 4414 nimis
893 4345 1064 4432 pueriliter
1080 4348 1178 4415 retio-
1230 4347 1456 4434 purgatorium
1479 4368 1578 4415 suum
1600 4348 1776 4428 eiiirment,
1805 4368 1905 4433 quem
1926 4361 2132 4413 mortuorum
2154 4366 2206 4413 re·

198 4432 313 4499 sineri.
357 4429 474 4515 Neque
501 4433 590 4498 enim
617 4431 786 4500 eieerites
807 4434 916 4517 priore
937 4432 1007 4500 loeo
1028 4433 1176 4501 nomine·
1230 4433 1479 4502 snrreotionem.
1538 4433 1635 4517 Quod
1672 4433 1712 4501 de
1748 4439 1936 4500 senotorum
1973 4431 2210 4500 interoeseions

199 4528 265 4601 tur,
292 4515 367 4583 ideo
395 4516 537 4601 priorem
565 4517 666 4586 hebet
693 4518 829 4587 honoris
849 4517 1002 4606 gredum:
1031 4519 1177 4604 quondo·
1230 4521 1407 4587 eommenti
1437 4524 1527 4604 sunt,
1562 4519 1627 4587 nisi
1658 4519 1819 4587 hebeetur
1850 4539 1911 4604 pro
1942 4529 2031 4586 oerto
2063 4516 2204 4594 oreoulo.

188 4601 331 4670 uidem
359 4602 461 4670 simul
490 4604 586 4673 doeet
604 4603 740 4686 Peulus,
769 4627 811 4672 ex
839 4606 904 4673 fide
933 4624 1005 4672 sem
1032 4626 1176 4674 munere.
1230 4613 1333 4672 torem
1359 4606 1419 4673 reli
1446 4607 1553 4673 'onem
1580 4605 1772 4674 ooneulsem
1799 4624 1871 4672 esse
1892 4603 2071 4672 olemitent.
2116 4600 2207 4686 Quid

184 4697 193 4745 ’-
250 4709 311 4756 ιιι
339 4699 448 4755 entem
476 4687 629 4758 effoetum
656 4711 755 4758 snum
781 4692 926 4776 profesto
947 4691 1063 4759 ordine
1083 4700 1176 4758 ente-
1230 4689 1271 4758 de
1291 4691 1424 4759 ooeleeti
1447 4713 1485 4758 us
1506 4691 1709 4773 hiererobiis,
1730 4690 1771 4758 de
1791 4689 2018 4768 relationibus,
2040 4701 2073 4756 et
2090 4687 2204 4754 simili·

198 4772 295 4842 sedit.
339 4774 386 4841 nt
414 4775 527 4843 sirite
547 4776 756 4861 expendetur
776 4782 867 4845 totns
887 4787 1073 4862 mntextus,
1100 4797 1175 4862 per·
1229 4777 1290 4844 bue
1303 4779 1496 4845 oommentis
1511 4797 1762 4846 oommemorem
1782 4779 1961 4844 immensos
1973 4771 2208 4862 lebyrinthosl

183 4859 276 4929 -irde
305 4859 398 4930 velet
425 4860 513 4946 qnod
540 4858 663 4930 Psulus
696 4862 775 4930 dioit
804 4883 843 4932 ee
873 4864 902 4931 si
930 4862 1081 4942 dixisset,
1113 4861 1176 4930 boe
1229 4861 1346 4930 Genus
1372 4863 1481 4947 ipsum
1511 4874 1562 4930 est
1589 4863 1767 4930 infinitum.
1808 4861 1850 4929 In
1880 4862 1932 4929 his
1956 4861 2108 4929 omnibus
2130 4877 2204 4943 pro·

185 4946 334 5015 ¹oonsilio
362 4947 440 5013 dete
467 4946 564 5015 nobie
590 4965 643 5016 est
662 4949 718 5017 lex
739 4959 776 5016 ut
796 4951 833 5015 in
854 4949 919 5016 fide
939 4969 999 5016 noe
1020 4947 1174 5028 erudiret,
1227 4949 1359 5015 nuntiet
1375 4946 1541 5033 spostolus
1562 4948 1691 5033 impleri
1708 4948 1795 5032 qnod
1809 4957 1921 5016 vetere
1937 4944 2110 5034 proverbio
2123 4943 2204 5014 eele

198 5054 285 5120 quse
306 5043 411 5102 meter
432 5045 484 5102 est
504 5034 609 5102 bones
629 5036 847 5102 eonsoientim
868 5049 902 5101 et
922 5035 1079 5103 oeritetis.
1122 5034 1176 5101 Ite
1227 5033 1359 5101 brutum
1387 5045 1449 5116 est,
1475 5035 1632 5101 eudeoem
1661 5053 1733 5101 esse
1761 5035 1935 5102 insoitiem.
1980 5031 2081 5100 sieut
2107 5035 2137 5100 st
2161 5031 2209 5105 ud

199 5120 373 5188 exordium
401 5141 422 5186 e
449 5119 524 5200 lide,
553 5141 620 5187 non
650 5122 829 5189 soeritete
858 5122 931 5188 fieri
957 5120 1063 5188 debet.
1106 5117 1176 5191 (lor
1231 5117 1345 5190 coloso.
1367 5140 1435 5203 sup.
1456 5123 1491 5201 2,
1515 5123 1570 5205 18,
1598 5119 1686 5201 dieii,
1710 5120 1836 5202 indulos
1855 5139 1950 5190 sesso
1970 5119 2088 5205 mie,
2109 5119 2146 5187 ie
2166 5139 2206 5186 eo

221 5226 321 5273 urum
343 5210 377 5273 et
399 5206 485 5273 bone
506 5206 706 5290 oonseientie
724 5207 944 5293 perumsintee
957 5207 1175 5277 sedifferunt.
1227 5227 1308 5292 quoe
1327 5205 1469 5275 neum
1487 5225 1521 5274 se
1540 5206 1689 5292 isperm.
1747 5279 1748 5282 ,
1912 5288 1915 5293 ¹

196 5228 384 5377 lltrumque
419 5314 460 5360 ex
496 5293 562 5359 fide
597 5302 720 5361 menet
773 5288 861 5362 Nem
893 5292 935 5362 de
965 5314 1056 5379 puro.
1078 5294 1189 5362 eorde·
1314 5293 1347 5361 8.
1368 5290 1493 5363 &tm
1521 5291 1606 5378 quoe
1631 5290 1681 5372 leo
1708 5290 1798 5361 boso.
1847 5291 1972 5361 Iterum
2002 5288 2203 5361 oelumniem
