4762 6016
186 344 247 412 377
1061 337 1212 406 0an
1234 337 1301 406 111.
2117 342 2180 411 378

185 558 252 604 non
272 535 364 602 ferox
382 555 421 602 ao
437 531 601 599 orndelist
622 551 688 598 non
706 528 958 596 fraudulentus?
994 526 1061 597 Sed
1079 529 1161 595 haee
1211 527 1416 613 cupiditates,
1438 527 1515 593 dum
1533 527 1616 594 nibil
1634 527 1792 594 habentes
1807 530 1895 613 apud
1909 550 1945 596 se
1958 534 2182 618 oompositnm,

186 622 295 689 omnia
324 621 427 687 latent
456 618 626 685 hominum
656 616 776 682 oeulos.
820 615 994 682 Caeterum
1020 614 1161 699 singulis
1211 614 1276 680 huo
1298 623 1331 680 st
1351 613 1430 680 illuo
1451 614 1659 680 fluotoautur.
1704 612 1852 695 Desunt,
1880 615 2021 700 inquam,
2048 631 2084 685 ιιι
2105 632 2184 687 sunt

186 706 321 775 sonibus
353 703 553 790 exponendis
585 702 750 779 insistere,
787 720 1024 785 supervaonum
1057 710 1159 766 eeset:
1210 701 1365 778 norimus,
1396 699 1514 765 deinde
1542 700 1652 765 animo
1680 700 1841 784 inquieto:
1875 701 1932 767 sed
1959 702 2007 768 ita
2036 714 2072 769 ut
2100 706 2183 773 nihil

186 814 292 878 noque
320 793 456 859 enimn
538 789 638 855 itione
664 787 824 873 indigent.
874 786 1018 852 Tantum
1047 795 1162 851 notent
1210 805 1355 869 uuquam
1388 786 1468 853 uerti
1501 805 1562 852 neo
1589 786 1660 851 veri
1694 792 1918 869 assequantur.
1970 787 2044 855 Hos
2072 801 2183 857 autem

186 878 332 958 leotores,
364 811 541 963 φιλαυξιιιονθ,
571 895 655 958 quae
683 874 790 957 primo
819 871 888 939 loeo
915 872 1056 955 ponitur,
1090 891 1161 938 esse
1211 880 1457 955 praeposterum
1473 880 1524 936 est
1538 870 1693 952 studium,
1708 871 1760 938 eni
1775 892 1840 938 non
1852 872 2027 957 respondet
2038 875 2183 943 seientia.

187 966 282 1050 qnasi
310 965 433 1029 iontem
461 983 505 1028 ex
531 981 595 1046 quo
616 968 751 1025 manant
772 979 857 1044 quae
879 956 996 1023 deinde
1017 976 1159 1040 sequun-
1211 957 1418 1040 Quamquam
1441 955 1596 1023 videntur
1626 958 1687 1022 sibi
1710 957 1792 1024 tales
1815 958 1944 1043 egregie
1966 979 2096 1044 sapere:
2125 963 2184 1029 sed

186 1059 250 1117 tur.
294 1048 360 1133 Qui
382 1048 468 1115 enim
491 1067 528 1114 se
548 1053 645 1124 amat,
674 1046 702 1111 is
723 1053 855 1129 arrogat
876 1043 937 1110 sibi
958 1043 1078 1121 omnia,
1108 1062 1159 1108 re·
1210 1041 1294 1107 nihil
1323 1052 1372 1109 est
1402 1041 1486 1127 quod
1517 1042 1634 1124 seiunt,
1664 1041 1741 1108 dum
1763 1045 1935 1110 veritatem
1964 1065 2031 1112 non
2059 1055 2183 1134 teuent,

186 1135 292 1220 liquos
319 1154 432 1201 omnes
458 1133 647 1213 oontemnit,
674 1129 809 1195 immitis
837 1137 895 1208 est,
925 1127 986 1195 sibi
1010 1125 1160 1212 indulget
1210 1147 1290 1212 puae
1308 1128 1548 1210 suadomottum
1569 1133 1616 1194 eet
1635 1130 1736 1195 omnis
1755 1130 1910 1196 soknins.

186 1222 221 1287 in
243 1219 390 1299 avaritia,
413 1217 559 1303 perfidia,
580 1216 759 1296 iraenndia,
780 1215 984 1317 oontumaoia
1002 1212 1159 1314 advorsus

186 1299 1160 1466 mestit
1209 1297 1623 1485 ..intuitu
1641 1297 2184 1484 emma

186 1476 495 1563 pseudoprophetas,
511 1473 996 1557 utoonspiouiomnibusfiant:
1011 1480 1159 1536 nostrum
1210 1464 1347 1553 compta
1367 1475 1474 1550 mette,
1498 1469 1623 1552 reprobe
1643 1490 1726 1537 orreo
1744 1471 1847 1554 fidem.
1890 1472 1922 1538 9.
1946 1471 2008 1540 Sed
2027 1494 2091 1543 eoa
2105 1495 2183 1560 pro·

187 1563 397 1716 etsrtmtperire
429 1560 550 1644 oonlos,
583 1568 619 1624 ut
651 1578 822 1626 oemamus
851 1558 907 1642 qui
937 1556 1038 1643 digito
1068 1574 1160 1621 mon·
1209 1554 1512 1709 &mammet
1524 1557 1663 1709 rm
1676 1558 1774 1722 fmgm
1791 1576 1911 1708 lewe
1930 1560 2184 1714 momento&

185 1669 202 1715 s
315 1669 341 1713 r.
1694 1664 1752 1708 ιιι.
1833 1693 1840 1708 .
1890 1664 1914 1710 ιι
1930 1664 1973 1709 oa
2050 1666 2106 1713 uas

272 1731 303 1799 b.
336 1729 382 1798 Et
415 1731 491 1797 istas
526 1748 682 1796 ooeeore.
737 1726 829 1795 Haeo
865 1726 1045 1794 admonitio
1079 1726 1160 1793 satis
1210 1731 1263 1794 tus
1294 1745 1328 1794 es
1352 1689 1459 1795 ἰιιιαιιι
1489 1727 1675 1807 donitianus,
1711 1728 1948 1814 institutores»,
1978 1733 2182 1816 propositam,

186 1816 330 1885 ostendit
351 1815 493 1882 Paulum
521 1835 588 1881 non
619 1813 659 1880 de
686 1813 784 1899 longa
811 1815 1003 1898 posteritate
1032 1810 1160 1898 loqui,¹)
1208 1812 1312 1897 fidem,
1340 1812 1547 1889 ιοισναιιιιιιιιι,
1572 1814 1763 1882 dilectionem
1790 1816 1987 1901 potientium,
2032 1817 2083 1884 11.
2167 1852 2182 1870 ·

309 1901 480 1969 meurs
507 1900 585 1984 qun
610 1900 756 1985 meam
779 1904 857 1967 esre
876 1899 984 1967 mee
1000 1903 1073 1981 poe
1092 1917 1159 1965 sae-
1209 1898 1414 1980 smum,
1429 1864 2070 1982 ..srteaawmttuumra-
2128 1904 2136 1920 ·

235 1989 283 2055 ie.-
302 1987 358 2056 sed
378 1987 460 2072 quod
480 1985 518 2055 da
537 1986 684 2053 aereae
704 1984 894 2068 temporebus
914 1986 1048 2070 diseat,
1070 2004 1160 2068 prae-
1211 1982 1323 2065 Ieoais}
1362 1984 1505 2068 matrim
1542 2004 1623 2067 paor
1651 1985 1782 2068 aguam
1803 1987 2059 2070 pesegetdioues
2090 1990 2185 2057 aaut

186 2073 335 2141 sentibus
363 2074 459 2141 malis
486 2073 624 2154 οειιιιιιιι,
653 2070 814 2156 applicare
841 2072 885 2138 od
907 2090 1000 2138 amm
1021 2073 1158 2137 edehat
1209 2071 1349 2135 merim:
1369 2070 1425 2136 sed
1445 2090 1486 2136 ea
1506 2067 1648 2138 mabar
1668 2070 1786 2153 enpust
1805 2091 1855 2138 me
1868 2071 2035 2140 Dominio.
2072 2075 2124 2143 12.
2140 2074 2184 2142 Et

186 2159 273 2226 Nam
284 2170 340 2243 qut
405 2160 466 2226 tuit
483 2158 651 2225 adversari
667 2157 865 2237 Timotheus,
883 2156 938 2241 qui
956 2155 1070 2221 multis
1085 2163 1160 2239 post
1210 2174 1314 2221 omnes
1334 2155 1390 2238 pai
1403 2157 1463 2237 pte
1479 2156 1587 2223 nolunt
1601 2155 1639 2223 ia
1657 2154 1780 2223 Obra'sto
1795 2155 1872 2223 Issa
1887 2158 1996 2240 eim
2012 2181 2182 2245 perrepere

186 2245 324 2312 saeoulie
354 2180 484 2312 duonum
514 2243 675 2311 oxoritori
702 2240 819 2310 erant?
862 2242 954 2309 Ero
982 2240 1093 2307 statim
1118 2240 1159 2339 ab
1209 2241 1322 2308 donem
1337 2242 1509 2323 putrem

187 2331 322 2397 exordio
343 2328 505 2417 evangelii
527 2329 648 2397 talibus
669 2327 863 2412 oorrnptelis
884 2327 917 2393 la
958 2346 1032 2394 raro
1053 2334 1159 2411 eoepit

186 2416 332 2486 molesia.
1297 2411 1328 2478 8.
1369 2411 1635 2494 (ιιιωιιιιιιιιιοιιιιιιι
1669 2412 1795 2480 Ioum.
1856 2412 1949 2480 Haeo
1987 2417 2182 2499 eomparatio

273 2502 304 2569 6.
336 2500 392 2569 Es
427 2501 471 2568 iis
502 2499 585 2567 euim
616 2502 700 2567 aaut.
755 2496 906 2582 Dioeres,
942 2519 984 2565 ex
1016 2496 1159 2580 professo
1211 2497 1383 2563 eontirmat
1409 2499 1495 2582 quod
1524 2499 1589 2563 iam
1617 2499 1709 2582 prius
1738 2498 1808 2564 dixi
1831 2497 1871 2564 de
1893 2498 2080 2566 novissimis
2102 2509 2183 2567 tem·

186 2585 328 2656 Paulum
365 2587 418 2654 hie
450 2587 562 2654 vivam
593 2583 806 2653 mouaohismi
839 2583 979 2669 effigiem
1012 2584 1159 2668 pingere.
1211 2582 1353 2667 poribus.
1396 2583 1569 2667 Significat
1596 2585 1684 2650 enim
1713 2583 1801 2650 idem
1830 2584 1926 2652 nobis
1952 2584 2097 2652 aooidere
2122 2588 2182 2654 sub

186 2672 311 2738 Verum
346 2681 383 2738 ιιι
413 2675 645 2738 monaehornm
675 2691 797 2737 nomen
826 2671 1029 2748 omittamus,
1062 2677 1159 2734 notae
1211 2669 1390 2752 evaugelio,
1419 2667 1506 2753 quod
1535 2679 1670 2753 experta
1698 2680 1748 2737 est
1776 2670 1910 2739 eoelesia
1938 2671 2005 2737 fere
2033 2671 2181 2757 aprima

186 2756 430 2910 ιιιιιθιιιὲ
452 2753 1087 2909 destitistis-“ittet
1104 2754 1160 2906 a?
1211 2754 1621 2921 destitistis.
1646 2777 1690 2907 ii
1724 2777 1787 2907 ιι
1818 2756 1882 2911 tt
1906 2757 2182 2911 tillem}

186 2894 357 2995 illecebr'ae
385 2863 554 3011 oaptafidia
579 2890 787 3010 mulierdulis,
816 2925 984 2994 illiberalis
1005 2886 1160 3004 adulatio:
1211 2925 1354 2991 minibus
1368 2924 1509 3009 psalmus
1523 2925 1657 3014 (129,1)
1672 2862 1936 3011 disieriifsaeps
1950 2939 2182 3014 oppugnarunt

186 3011 417 3080 oireumduetio
466 3032 502 3078 er
527 3012 636 3080 varias
663 3014 922 3097 superstitiones.
966 3009 1038 3078 Hae
1065 3021 1160 3076 notas
1211 3029 1264 3076 me
1296 3031 1316 3074 a
1348 3011 1520 3098 iuventute
1559 3032 1646 3093 msa,
1687 3012 1771 3079 dieat
1809 3034 1898 3080 nuno
1925 3012 2040 3096 Israel,
2082 3035 2181 3099 supra

186 3096 300 3165 sedulo
330 3034 589 3167 animadvertere
618 3099 779 3176 mevenit,
807 3101 835 3166 si
863 3098 1047 3165 disoernere
1069 3097 1159 3179 aopi·
1211 3094 1343 3162 dorsum
1372 3115 1480 3163 meum
1510 3106 1687 3163 araverunt
1711 3099 1813 3183 impii,
1842 3107 2054 3184 protexerunt
2073 3101 2181 3168 sulooe

186 3204 262 3267 mus
284 3185 371 3251 inter
391 3184 481 3252 ineos
497 3184 631 3251 inutiles
651 3193 686 3251 et
700 3183 816 3269 probos
831 3182 958 3252 Ohristi
982 3182 1159 3249 ministros.
1210 3200 1302 3248 suos:
1340 3181 1476 3267 proinde
1511 3204 1579 3250 nou
1608 3184 1727 3249 mirum
1760 3203 1832 3251 esse
1861 3185 2016 3252 admonet
2043 3186 2179 3267 Paulus,

187 3267 255 3354 Qui
275 3280 385 3339 autem
408 3270 490 3337 tales
511 3277 598 3352 sunt,
622 3274 691 3337 tam
713 3279 785 3336 atro
806 3269 946 3337 nerbono
966 3269 1020 3336 hio
1042 3275 1158 3333 notan·
1210 3267 1239 3332 si
1260 3269 1455 3334 exoriuntur
1475 3267 1631 3336 advorsus
1646 3267 1814 3341 Ohristum
1833 3270 1942 3337 hostes
1957 3273 2014 3354 qui
2027 3272 2181 3340 resistant

185 3362 254 3439 tur,
286 3366 324 3423 ot
349 3357 596 3442 tergiversando
625 3376 741 3442 parum
770 3357 951 3440 protioiaut.
1002 3352 1157 3421 Subin·
1209 3354 1388 3438 evangsliu
1411 3374 1509 3438 quum
1531 3375 1609 3422 suos
1627 3356 1850 3440 antagonistas
1863 3355 2014 3423 similiter
2029 3358 2179 3426 habuerit

186 3449 301 3508 trare
333 3442 374 3508 iu
406 3440 596 3511 familias
627 3451 678 3510 est
709 3451 882 3527 penetrare
914 3449 972 3507 aut
1003 3439 1159 3523 obrepere
1208 3438 1328 3506 Moses.
1371 3439 1458 3507 Nam
1486 3439 1568 3507 haee
1589 3440 1722 3507 ultimae
1742 3442 1917 3510 vetustatis
1939 3441 2090 3528 exempla
2110 3463 2179 3510 non

185 3526 338 3611 eaptiosie
359 3526 495 3595 artibus.
533 3528 638 3594 Porro
661 3527 702 3594 de
723 3526 914 3595 mulieribus
935 3527 1042 3613 potius
1058 3524 1159 3610 loqui·
1208 3544 1323 3608 parum
1357 3526 1398 3591 ad
1425 3527 1676 3593 oonsolationem
1705 3526 1826 3594 salom.
1865 3527 1968 3594 Porro
1996 3528 2092 3609 duos,
2121 3531 2177 3614 qui

185 3618 241 3676 tur
272 3630 369 3696 qoam
402 3612 560 3693 devisis,
592 3613 678 3697 quod
710 3613 787 3680 iliae
818 3613 938 3680 talibus
970 3610 1159 3698 imposturis
1208 3613 1433 3696 nominantur,
1461 3632 1574 3696 magos
1602 3613 1701 3679 fuisse
1728 3632 1749 3678 a
1776 3613 1949 3679 Pharaone
1978 3613 2178 3696 subornatos,

185 3697 291 3782 magis
312 3704 392 3764 sunt
412 3698 588 3781 expositae.
630 3698 719 3766 D'ioit
740 3720 796 3766 eas
824 3700 1019 3784 eaptivas
1046 3696 1157 3775 dooi,
1207 3697 1290 3763 satis
1317 3698 1481 3766 eonvenit.
1529 3695 1597 3765 Sed
1627 3697 1713 3764 uude
1740 3697 1890 3764 babuerit
1916 3698 2041 3766 Paulus
2065 3720 2179 3766 eorum

185 3792 359 3870 propterea
394 3782 483 3865 quod
516 3783 615 3851 variis
648 3783 795 3851 artifieiie
828 3784 986 3851 eiusmodi
1019 3781 1157 3869 psendo-
1207 3784 1353 3870 nomina,
1381 3784 1543 3851 insertum
1572 3792 1639 3851 est:
1667 3784 1731 3849 nisi
1753 3784 1839 3869 qnod
1861 3784 2029 3869 probabile
2049 3794 2107 3865 est,
2137 3784 2178 3853 de

184 3868 363 3956 prophetae
384 3886 440 3935 eae
461 3867 523 3936 eibi
545 3867 701 3936 obnoxias
722 3869 874 3951 reddunt,
895 3871 1014 3954 partim
1033 3869 1159 3936 undose
1208 3867 1328 3935 talibus
1363 3868 1509 3935 historiis
1542 3868 1646 3935 multa
1677 3871 1777 3936 tuisse
1810 3890 1869 3953 per
1899 3889 2015 3937 manus
2046 3869 2177 3958 tradita,

185 3957 295 4020 omnia
315 3950 475 4034 rimando,
503 3954 623 4038 partim
645 3953 851 4022 blandiendo.
893 3959 1002 4040 Atque
1023 3953 1086 4021 hoo
1107 3963 1158 4020 est
1207 3974 1290 4037 qnae
1311 3953 1403 4021 Deus
1429 3974 1597 4039 nunquam
1618 3975 1733 4039 passos
1753 3953 1868 4022 inisset
1888 3952 2090 4022 interoidere.
2133 3956 2179 4022 lit

185 4039 274 4125 quod
306 4037 452 4123 subiioit,
484 4048 680 4108 oneratas
711 4042 912 4126 pennatis.
963 4039 1036 4108 Nisi
1068 4039 1155 4107 enim
1208 4040 1279 4105 fieri
1300 4044 1408 4123 potest
1423 4045 1462 4106 nt
1476 4040 1571 4106 Pauli
1586 4049 1732 4124 tempore
1747 4041 1931 4106 exstiterint
1946 4039 2178 4126 prophetarum

185 4125 290 4193 malae
322 4124 537 4194 eonsoientiae
569 4124 698 4193 vinonio
729 4125 979 4212 stringerentur,
1011 4144 1078 4191 non
1111 4126 1158 4191 ita
1208 4126 1441 4205 eommeutarii‚
1475 4127 1529 4209 qni
1563 4126 1695 4193 uberius
1723 4137 1897 4192 narrarent
1923 4147 2006 4211 qnae
2034 4126 2179 4194 breviter

186 4206 378 4365 &uterentur
413 4231 449 4276 se
484 4209 526 4312 ad
562 4211 701 4278 aliorum
734 4221 854 4312 nutum
880 4211 1037 4313 ‘quolibet
1073 4210 1156 4312 duni.
1207 4219 1336 4312 tantum
1357 4212 1551 4312 perstringit
1565 4211 1684 4278 Moses.
1718 4211 1886 4296 Quidquid
1901 4213 1954 4292 sit,
1975 4233 2040 4312 uon
2056 4220 2178 4313 temere

186 4297 1156 4482 ..lettettttlifttttttlttmttttlltili}
1207 4296 2178 4482 stetististlttttlltlttttttttttbtt:

186 4489 269 4552 qnae
289 4467 399 4533 Deum
421 4488 463 4534 ex
485 4488 593 4534 animo
614 4487 680 4536 non
703 4479 876 4554 quaerunt,
898 4479 930 4536 et
951 4479 1062 4536 tamen
1083 4468 1155 4534 reli·
1207 4466 1304 4534 dnoes
1319 4467 1445 4535 Mosam
1461 4473 1495 4533 et
1508 4470 1672 4534 Aaronem
1687 4477 1875 4535 exortassst:
1897 4468 2032 4535 totidem
2046 4469 2178 4535 Pharao

211 4557 294 4622 'osae
315 4563 348 4620 et
369 4561 499 4620 sanotae
521 4553 635 4622 volout
654 4553 777 4622 haberi.
821 4555 941 4622 Nullus
961 4556 1048 4622 enim
1071 4555 1156 4634 tinia,
1206 4573 1319 4639 magos
1341 4573 1503 4638 opponere
1524 4553 1589 4620 illis
1611 4553 1761 4621 voluerit.

209 4661 265 4707 um
287 4657 309 4707 a
329 4639 528 4707 oonsoisutia
549 4638 735 4707 resedentes
757 4660 859 4707 novas
890 4640 1027 4708 subinde
1048 4641 1156 4707 larvas
1292 4639 1323 4705 9.
1346 4637 1410 4705 Sed
1429 4659 1491 4705 eos
1507 4639 1671 4722 proficient
1685 4639 1834 4722 empttas.
1870 4639 2007 4706 Fiduoia
2025 4639 2178 4706 viotoriae

186 4725 338 4792 induunt.
396 4723 648 4810 chrysostomus
687 4725 729 4792 ad
767 4726 877 4794 foedas
912 4736 945 4792 et
980 4728 1156 4793 obscoenae
1207 4724 1412 4791 Timotheum
1442 4725 1629 4790 animated
1651 4736 1824 4791 oertamen.
1867 4726 1950 4791 Nam
1974 4724 2036 4790 etsi
2057 4726 2088 4791 ei
2109 4746 2177 4791 mo·

187 4809 380 4894 eupiditatee
401 4811 523 4877 reterre
544 4812 689 4878 mavultz
711 4810 768 4879 ssd
789 4811 871 4878 mihi
893 4820 1083 4879 oontextum
1105 4813 1156 4876 in·
1207 4810 1334 4875 lestiam
1362 4809 1539 4877 exhibeant
1567 4810 1643 4877 falsi
1664 4811 1824 4894 doctores,
1852 4811 2016 4895 promittit
2038 4811 2115 4888 tore,
2144 4814 2178 4876 et

187 4894 292 4962 tuenti
314 4895 419 4980 magis
441 4895 547 4981 planet
567 4896 625 4963 illa
645 4897 735 4982 prior
756 4897 926 4981 expositio.
972 4899 1056 4964 Nam
1079 4918 1156 4963 mox
1207 4897 1338 4980 quidem
1372 4894 1473 4975 brevi,
1507 4902 1544 4961 ot
1575 4896 1790 4982 ignominiose
1823 4897 2002 4964 oonoidant.
2057 4895 2179 4977 Quam·

185 4981 343 5065 sequitur,
359 4981 445 5064 qnod
464 5002 627 5067 semper
648 4982 831 5064 disoant,
849 5003 1015 5068 nunquam
1031 4984 1156 5051 diseunt
1207 5002 1305 5066 quam
1334 4981 1412 5048 huie
1441 4982 1648 5066 promissioni
1676 4984 1810 5049 minimo
1839 4993 1975 5049 eventus
1993 4981 2179 5066 respondet.

187 5086 264 5135 vere
296 5085 419 5150 sapere.
468 5066 537 5135 Ista
565 5068 668 5154 igitur
696 5078 746 5136 sat
774 5070 907 5154 agitatio
935 5070 1020 5137 inter
1048 5070 1157 5138 varim
1207 5069 1253 5134 ιιι
1274 5067 1404 5135 uidetur
1433 5066 1598 5151 apostolus
1624 5069 1796 5152 paulopost
1825 5068 1914 5134 aliud
1943 5069 2039 5153 longe
2069 5066 2177 5134 diver·

1208 5175 1282 5220 eum
1308 5156 1531 5238 pronuntiare,
1560 5174 1662 5238 quum
1692 5153 1770 5221 dioit
1798 5153 1832 5218 in
1856 5155 1947 5237 peius
1969 5155 2177 5238 protueturos.

272 5254 296 5324 ¹)
311 5253 359 5311 sed
374 5253 411 5311 ds
1209 5240 1278 5309 Nee
1305 5240 1394 5309 valet
1423 5237 1646 5324 chrysostomi
1673 5239 1803 5320 solutio,
1832 5238 1920 5324 ipsos
1947 5239 1983 5305 iu
2011 5239 2080 5306 dios
2109 5240 2177 5304 fore
