4740 6016
182 353 225 420 83
815 357 958 426 urls'r.
981 359 1123 426 PAULI
1146 357 1212 423 ΔΙ)
1233 354 1563 425 COLOSSENSES
2144 351 2192 425 84

108 556 111 561 ’
181 552 344 619 obduoere
366 550 407 616 ad
429 549 601 618 Christum
623 552 880 620 obscurandum:
903 553 980 637 quia
1001 554 1072 636 seit,
1095 553 1158 620 hoo
1209 552 1428 629 tenebrarum,
1461 553 1521 619 suh
1554 553 1648 619 euius
1682 554 1858 637 tyrannide
1891 561 2041 619 tenemur
2071 552 2187 633 vineti,

183 638 282 705 medo
310 638 442 704 ianuam
472 650 617 723 apertam
648 660 720 705 esse
750 640 946 723 quibuslibet
968 639 1157 706 mendaciis.
1209 639 1311 704 donee
1327 637 1453 704 Christi
1475 658 1577 703 manu
1594 659 1786 705 asseramur.
1823 638 1912 705 Hine
1928 638 2055 724 eollige,
2076 645 2187 705 totum

184 725 277 793 Haeo
308 725 410 807 igitur
443 724 511 790 sola
542 731 593 790 est
622 727 704 791 ratio
733 736 798 791 tam
829 724 1027 808 retinendas,
1060 745 1157 808 quam
1208 724 1369 789 mundum
1399 745 1474 790 oum
1502 723 1613 790 ioeata
1642 745 1700 790 sua
1729 733 1762 790 st
1791 725 1962 807 snpientia,
1991 739 2025 790 et
2050 724 2188 807 iustitia,

185 809 406 877 restituendae
436 832 536 893 purae
564 811 739 895 doetrinae,
768 810 939 877 Christum
968 832 1089 894 ponere
1116 809 1157 876 ob
1209 809 1291 875 nihil
1314 831 1412 893 quam
1435 809 1588 876 tenebras
1610 811 1734 875 oonseri
1755 830 1865 877 euram
1883 810 1972 877 Deo:
1993 812 2071 895 quia
2092 810 2189 877 nulla

183 897 296 965 oeulos
317 896 423 980 qualis
445 906 495 962 est
515 918 589 964 eum
613 898 705 963 bouis
723 897 792 963 suis
810 896 978 963 omnibus:
1000 906 1038 961 ut
1056 897 1158 963 virtus
1208 895 1268 961 lux
1290 905 1385 959 extra
1406 894 1529 961 Christi
1551 916 1700 980 rognum.

185 983 255 1050 eius
282 1002 361 1051 vere
393 983 562 1050 sentiatur.
612 982 678 1049 Hie
710 1004 775 1048 non
809 985 919 1066 agitur
947 983 987 1046 ds
1016 982 1157 1047 nomine.
1296 981 1474 1047 Transtulit
1486 982 1523 1046 ia
1535 1001 1673 1066 regnem.
1706 982 1799 1048 Haeo
1813 982 1878 1047 iam
1894 981 2038 1065 suspiria
2052 989 2189 1049 nostrae

183 1066 339 1152 Papistae
360 1070 575 1135 eemmnoiter
592 1069 759 1136 nobiseum
777 1089 879 1134 onum
896 1068 1064 1134 Christum
1083 1088 1156 1132 eon·
1208 1066 1431 1150 beatitudinis,
1453 1088 1553 1151 quum
1577 1068 1804 1133 transferimur
1825 1068 1861 1133 iu
1879 1067 2007 1134 Christi
2028 1088 2186 1150 regnum:

184 1157 336 1222 fitentur:
359 1165 516 1238 quantum
534 1155 657 1220 interes
674 1155 759 1220 iuter
775 1175 835 1220 nos
853 1152 976 1219 stilles
995 1151 1155 1219 interest?
1209 1153 1286 1235 quia
1307 1156 1485 1219 transimus
1506 1173 1527 1219 a
1549 1162 1653 1219 morte
1674 1153 1709 1217 iu
1733 1152 1845 1219 vitam.
1889 1154 1962 1219 Heo
1983 1174 2108 1236 quoque
2129 1153 2189 1220 ad-

184 1241 311 1324 Nempe
340 1242 417 1325 quia
445 1239 503 1319 illi,
533 1241 610 1306 dum
636 1241 774 1306 eonlessi
794 1249 872 1306 suut
894 1238 1063 1305 Christum
1087 1258 1157 1304 esse
1208 1236 1321 1303 soribit
1349 1237 1472 1305 Paulus
1496 1238 1558 1304 Dei
1587 1239 1729 1323 gratiae:
1759 1261 1800 1305 ne
1828 1240 1901 1323 quis
1929 1239 2060 1322 proprio
2087 1258 2189 1306 eursu

185 1328 290 1393 lilium
323 1327 402 1410 Dei,
439 1327 593 1392 virtutem
630 1327 700 1391 eins
733 1324 957 1392 transferendo
991 1324 1032 1390 ad
1066 1323 1157 1402 alios,
1209 1332 1339 1389 tantum
1372 1325 1493 1390 bonum
1523 1326 1650 1406 assequi
1680 1345 1715 1389 se
1744 1337 1848 1407 putet.
1898 1324 2188 1405 Quemadmodum

185 1413 316 1495 haeque
344 1422 377 1478 et
404 1411 483 1477 illue
512 1409 731 1488 distrahendo,
763 1432 863 1495 prope
891 1412 1025 1476 inanem
1047 1411 1156 1495 ipsum
1209 1410 1311 1493 igitur
1333 1430 1415 1492 opus
1430 1408 1494 1475 Dei
1516 1422 1566 1475 est
1587 1422 1702 1475 nostra
1720 1429 1739 1473 a
1757 1415 1882 1493 poooati
1900 1424 1933 1475 et
1951 1413 2067 1475 mortis
2083 1410 2186 1478 servi·

186 1498 392 1580 relinquunt:
421 1497 537 1563 saltem
560 1497 704 1580 spoliant
725 1518 797 1562 sum
821 1517 942 1581 magns
963 1507 1057 1580 parte
1078 1516 1157 1560 suas
1209 1505 1280 1560 tute
1307 1494 1473 1562 liberatio:
1504 1497 1551 1561 ita
1579 1507 1612 1561 et
1639 1499 1797 1561 transitus
1828 1496 1863 1561 in
1885 1495 2011 1562 Christi
2034 1516 2188 1581 reguum.

185 1583 333 1668 gloriaez·
360 1592 396 1648 ut
430 1584 619 1648 nominetur
651 1583 739 1649 filius
766 1581 840 1661 Dei,
875 1603 941 1646 nen
974 1584 1018 1647 sit
1046 1592 1155 1647 tamen
1209 1579 1382 1647 Christum
1406 1581 2188 1666 veestliliumdileetionis,velDeopat1i

185 1667 314 1768 qualem
337 1676 431 1753 pater
451 1689 530 1769 erga
548 1689 607 1735 nus
624 1689 694 1734 osso
710 1669 823 1735 voluit.
855 1667 950 1748 Quod
966 1669 994 1733 si
1010 1669 1157 1751 papistae
1209 1666 1380 1767 dileotum:
1417 1669 1492 1750 quia
1528 1667 1618 1733 solus
1653 1679 1704 1732 est
1736 1669 1772 1734 iu
1805 1688 1870 1749 quo
1903 1667 2083 1751 aequiesoit
2113 1668 2189 1769 eius

182 1774 372 1907 ellit
392 1765 687 1906 {bilehilt
703 1754 1157 1922 irretentibili:
1208 1773 1336 1904 titt·
1353 1752 1571 1922 light?
1592 1753 1786 1905 ithll·
1799 1752 2189 1917 intitul&

184 1937 289 2008 patus,
341 1924 396 1990 uia
418 1944 484 1990 non
507 1936 571 1991 stat
593 1926 656 1991 nisi
679 1923 804 1992 Christi
826 1926 1040 2009 ignoratione.
1084 1924 1157 1990 Hoo
1208 1923 1303 1988 aliter
1333 1945 1400 1988 oen
1435 1945 1508 1988 esse
1536 1924 1608 1989 Deo
1644 1937 1756 2009 gratos
1787 1947 1884 2008 quam
1916 1946 1975 2008 per
2003 1925 2187 1992 Christum.

185 2010 297 2094 proool
319 1947 416 2077 bubio
438 2020 592 2096 agnosoet
614 2012 758 2095 quisquis
787 2022 909 2076 statum
938 2011 1035 2095 primi
1059 2010 1156 2076 huius
1210 2008 1277 2075 Nee
1303 2009 1436 2076 dubium
1456 2014 1502 2075 est
1521 2011 1597 2092 quia
1618 2010 1739 2092 oblique
1758 2010 1867 2077 beside
1886 2011 2056 2076 dissidium
2077 2015 2188 2078 mare

185 2097 301 2178 ospitis
329 2097 554 2162 oonsiderabit.
596 2097 688 2162 Nihil
717 2097 805 2162 euim
835 2097 924 2162 aliud
955 2097 1010 2161 hie
1037 2099 1156 2180 egitur,
1208 2095 1282 2162 uelit
1298 2095 1431 2175 Paulae,
1452 2097 1535 2177 qood
1555 2096 1799 2163 certaminibus
1819 2118 1890 2164 urm
1903 2097 1973 2165 Deo
1992 2117 2093 2181 aegere
2109 2097 2188 2163 daut

186 2182 249 2246 uisi
272 2192 309 2246 ot
330 2183 469 2249 suemus
484 2182 655 2249 Christum
678 2203 749 2248 esse
772 2182 979 2267 prinoipinm,
1001 2182 1156 2259 medium,
1210 2182 1245 2247 itt
1266 2183 1434 2247 mediatore
1454 2183 1576 2248 deiectio
1598 2183 1757 2267 refulgeat.

185 2276 218 2334 st
241 2269 356 2333 linem:
378 2269 507 2352 abipso
526 2268 813 2352 omniapetenda:
836 2281 930 2333 extra
949 2272 1054 2350 ipsum
1075 2266 1156 2332 nihil
1298 2268 1349 2334 14.
1372 2267 1414 2333 la
1436 2288 1496 2351 quo
1516 2268 1667 2334 tatemer
1686 2269 1934 2351 redemptionem.
1976 2269 2047 2334 lam
2070 2269 2187 2336 ordino

185 2374 264 2432 esse,
297 2375 356 2420 nee
389 2376 482 2439 posse
515 2355 666 2421 inveniri.
718 2355 815 2420 Nune
848 2356 949 2437 igitur
981 2352 1094 2418 sedulo
1125 2362 1158 2417 et
1210 2355 1426 2436 persequitur,
1449 2376 1561 2420 omues
1584 2355 1701 2419 salutis
1724 2370 1855 2419 nostrae
1876 2361 1987 2437 partes
2003 2356 2037 2419 iu
2054 2354 2188 2422 Christo

184 2441 300 2506 aoriter
317 2439 492 2507 observent
505 2440 653 2518 loetores,
676 2442 795 2524 quibus
810 2441 971 2506 doloribus
985 2438 1156 2506 Christum
1210 2441 1388 2505 oontioeri:
1417 2450 1450 2505 st
1479 2440 1588 2523 ipsum
1617 2440 1735 2521 solum,
1765 2453 1802 2505 ut
1824 2452 1874 2505 est
1896 2443 2094 2525 prinoipiom
2115 2461 2186 2506 om·

182 2524 276 2592 nobis
298 2526 422 2593 Paulus
444 2526 609 2609 depingat.
1211 2527 1303 2589 nium
1326 2537 1356 2589 st
1390 2526 1475 2606 finis,
1501 2526 1618 2592 debere
1641 2528 1784 2590 eminere
1805 2539 1840 2591 et
1860 2528 2073 2609 oonspieuum
2094 2525 2187 2593 oerni

272 2611 334 2693 Qui
354 2632 411 2678 nos
430 2614 503 2695 feeit
524 2613 658 2679 ideam
695 2611 814 2678 Adhuo
829 2610 870 2676 de
892 2623 984 2693 patre
998 2610 1158 2693 loquitari
1210 2631 1309 2692 supra
1344 2633 1457 2676 omnes
1493 2623 1669 2677 ereaturas.
1724 2612 1835 2677 Primo
1872 2612 1950 2677 dieit
1987 2614 2021 2677 in
2051 2635 2089 2677 eo
2123 2632 2186 2680 nor

183 2699 257 2781 quis
284 2708 335 2763 est
356 2699 551 2782 principium
567 2709 601 2764 et
622 2720 719 2764 eausa
734 2699 879 2763 elfieiens
901 2694 951 2780 (ut
966 2693 1158 2780 loquuntur)
1212 2696 1332 2760 habere
1355 2697 1631 2781 redemptionem:
1662 2708 1694 2762 et
1715 2719 1787 2762 eam
1810 2700 1967 2764 eontinuo
1990 2701 2185 2781 intorpreta-

182 2794 314 2849 nostrae
343 2784 468 2850 salutis.
511 2783 558 2850 Ut
583 2805 701 2849 noman
724 2783 789 2848 Dei
812 2785 1015 2848 maiestatem
1038 2782 1159 2848 elarius
1211 2793 1266 2846 tur
1288 2784 1560 2848 remissionem
1593 2794 1851 2865 peecatorum.
1897 2784 1990 2850 Haeo
2011 2785 2097 2849 enim
2120 2784 2186 2850 duo

183 2869 349 3020 iiiiii
370 2867 1157 3037 ittllst.¹'ttlt.l⁰ltlllttltttllt
1210 2869 1934 3037 ittttttthl.litantia?
1955 2882 2071 3021 itit.
2085 2870 2188 3021 hh

182 3051 220 3106 ut
250 3043 403 3107 maiestas
426 3044 575 3106 timorem
599 3052 632 3104 et
653 3042 870 3107 reverentiam
895 3041 986 3105 uobis
1010 3039 1158 3120 inoutiat,
1211 3062 1271 3105 nos
1301 3041 1425 3105 eximit.
1477 3040 1571 3106 Haeo
1599 3002 1711 3106 nosti-a
1740 3040 1884 3118 libertas,
1917 3040 1999 3108 haee
2027 3042 2188 3107 adversus

182 3138 338 3212 paternus
359 3149 450 3193 amor
472 3127 623 3193 fiduciam
646 3128 739 3192 nobis
760 3126 921 3192 ooneiliet.
957 3125 1070 3207 ltaque
1085 3124 1160 3190 baeu
1210 3138 1348 3190 mortem
1373 3127 1532 3209 gloriatio,
1558 3127 1643 3208 quod
1666 3128 1759 3191 uobis
1781 3137 1913 3210 peoeata
1935 3148 2000 3192 nou
2023 3129 2188 3210 imputau-

181 3213 243 3279 due
269 3234 331 3279 neu
359 3215 485 3297 frustra
513 3213 673 3279 totiassii
700 3211 841 3277 Parthie:
872 3215 904 3277 ai
931 3216 1036 3277 tomen
1056 3210 1159 3293 piaret
1210 3222 1275 3277 tur.
1333 3212 1430 3277 Hane
1473 3212 1730 3293 redemptionem
1768 3212 1846 3278 dioit
1881 3214 2076 3296 adquisitam
2113 3232 2187 3279 esse

181 3298 266 3364 leutio
293 3319 389 3380 quam
415 3305 565 3382 sequutae
594 3304 640 3364 est
664 3301 938 3380 semiermes,
965 3298 1018 3364 eui
1037 3296 1156 3379 attffm·
1211 3297 1362 3364 Christi
1386 3299 1595 3380 sanguiue:
1618 3317 1695 3362 nam
1717 3299 1875 3364 saerilioio
1898 3302 2014 3365 mortis
2036 3300 2108 3364 eius
2130 3320 2187 3366 ex·

178 3389 298 3469 panim
327 3386 532 3451 adsumsimi
561 3385 692 3467 quidum
722 3385 828 3468 graeei
858 3384 985 3449 oodieer.
1043 3384 1159 3464 ῼιιιιιιι·
1209 3385 1298 3466 piata
1334 3394 1413 3449 sunt
1449 3385 1558 3448 omnia
1591 3384 1706 3448 mundi
1740 3396 1881 3466 peoeata.
1937 3385 2188 3453 Meminerimus

182 3489 279 3553 quum
300 3469 381 3536 nibil
401 3472 460 3536 erit
479 3470 612 3537 absurdi
632 3471 664 3536 ei
683 3470 827 3536 dieamus
842 3470 949 3550 putris
969 3488 1038 3535 uoee
1057 3469 1159 3551 fuisse
1209 3489 1299 3553 ergo,
1315 3469 1376 3534 hoo
1391 3490 1492 3535 onum
1508 3490 1579 3535 osse
1592 3470 1864 3536 reeoneiliationis
1876 3473 2034 3553 pretium:
2049 3471 2189 3554 ideoque

181 3560 361 3624 euenum.
405 3556 533 3622 Deinde
562 3557 659 3621 aienti
689 3576 820 3622 neeesse
849 3567 898 3621 est
923 3554 1065 3638 gratiam
1087 3555 1158 3620 eius
1208 3555 1443 3638 blasphemiam
1473 3577 1543 3621 esse
1572 3555 1729 3640 quidquid
1759 3556 1800 3622 de
1828 3557 2104 3624 satrslaotionibus
2129 3576 2187 3641 pa·

181 3642 466 3725 incomparabilem
496 3643 601 3726 patris
630 3643 763 3707 nomino
793 3641 951 3725 exprimi:
984 3640 1031 3706 ita
1058 3641 1157 3705 etiam
1209 3644 1313 3727 pistae
1335 3652 1512 3722 nugantur.
1998 3668 2002 3675 ¹

181 3748 248 3794 non
272 3730 383 3794 minus
406 3749 537 3793 neeesse
559 3737 608 3794 est
630 3747 690 3794 uos
713 3728 775 3792 Dei
797 3729 930 3792 nomino
952 3747 988 3792 ra
1012 3727 1023 3791 i
1046 3727 1081 3791 iu
1102 3724 1158 3791 ad·
1296 3725 1345 3792 lb
1372 3725 1435 3807 Qui
1462 3732 1509 3792 est
1532 3726 1635 3812 imago
1655 3727 1720 3794 Dei
1746 3727 1928 3796 inuisibilis.
1972 3728 2084 3795 Altius
2109 3747 2188 3794 oon·

181 3814 387 3880 mirationem
411 3819 523 3881 tautae
545 3813 710 3894 bonitatis,
733 3812 818 3895 quod
840 3813 879 3890 is,
902 3813 958 3896 qui
1017 3814 1157 3888 ausast,
1209 3814 1356 3895 seendit,
1389 3813 1578 3877 disserendo
1611 3814 1652 3878 de
1681 3813 1806 3881 Christi
1836 3815 1950 3898 gloria.
2000 3814 2185 3898 Imaginem

182 3923 219 3966 eo
250 3920 351 3983 usquo
378 3921 413 3966 se
436 3900 612 3964 demiserit.
657 3898 760 3965 Cuius
783 3910 890 3964 autem
915 3898 1062 3963 benefieii
1085 3895 1159 3962 Deo
1211 3898 1275 3965 Dei
1298 3897 1474 3963 invisibilis
1503 3898 1663 3981 appellate
1693 3921 1758 3982 quo
1787 3902 1952 3985 signifieat
1977 3921 2052 3966 eum
2076 3899 2185 3966 solum

182 3989 250 4071 agit
279 3984 426 4070 gratias?
472 3984 570 4066 Quod
599 4006 635 4051 se
663 3997 695 4050 st
724 3984 804 4051 alios
827 3983 1006 4050 reddiderit
1026 3983 1160 4049 idoneos
1210 4005 1291 4069 esee,
1311 4004 1372 4068 per
1393 4005 1489 4067 quem
1512 3984 1604 4051 Deus
1625 3984 1744 4069 alioqui
1764 3987 1937 4052 invisibilis
1960 3986 2054 4053 uobis
2080 3984 2186 4051 moni·

183 4073 224 4137 ad
254 4069 511 4155 partieipaudam
541 4082 730 4137 sanetorum
757 4071 1003 4136 hoereditatem.
1046 4069 1159 4134 Nasoi·
1212 4072 1356 4150 testatur,
1390 4070 1569 4137 seeundum
1602 4070 1700 4156 illud,
1733 4071 1843 4137 Deum
1873 4093 1969 4138 nemo
2002 4072 2088 4137 vidit·
2122 4091 2185 4137 on·

182 4178 259 4224 mur
284 4159 372 4223 enim
396 4156 455 4222 filii
477 4157 555 4235 irae,
586 4158 715 4224 exsules
744 4178 888 4241 areguo
912 4155 991 4221 Dei:
1020 4156 1089 4220 sola
1110 4163 1162 4220 est
1211 4177 1326 4239 quam:
1349 4157 1538 4239 unigenitus
1560 4157 1615 4240 qui
1637 4164 1689 4222 est
1710 4159 1743 4223 in
1766 4161 1840 4223 sinu
1858 4158 1976 4236 Patris,
1999 4158 2071 4241 ipse
2092 4157 2186 4224 uobis

182 4243 247 4310 Dei
269 4245 400 4329 adoptio
417 4264 500 4326 quae
517 4264 577 4309 nos
594 4245 694 4310 elfieit
711 4242 854 4309 idoneos.
891 4240 1035 4325 Adoptio
1050 4248 1159 4307 autem
1213 4241 1436 4308 manifestavit
1457 4240 1610 4326 (loliano.
1634 4243 1663 4324 1,
1685 4243 1749 4330 18).
1794 4243 1869 4311 Seio
1897 4244 2036 4327 qualiter
2060 4253 2186 4310 veteres

183 4331 369 4414 agratoita
390 4329 548 4396 eleetione
566 4330 696 4413 pendet.
734 4327 878 4411 Spiritus
895 4328 1162 4411 regenerationis,
1212 4349 1375 4410 exponere
1404 4328 1539 4394 soleant
1584 4328 1672 4409 Quia
1704 4332 1791 4395 enim
1820 4342 1986 4397 esttamen
2019 4328 2186 4397 habebant

185 4430 235 4481 est
264 4415 447 4499 adoptionis
469 4414 624 4499 sigillum.
669 4415 821 4494 Addidit,
853 4416 893 4479 in
928 4413 1091 4496 lumine,
1124 4421 1162 4477 ut
1213 4434 1287 4478 oum
1334 4416 1483 4493 Arianis,
1527 4415 1757 4497 aequalitatem
1795 4415 1855 4481 filii
1895 4437 1980 4483 eum.
2010 4429 2104 4499 patro
2151 4423 2185 4481 et

184 4513 270 4569 esset
298 4502 484 4568 antitheton
504 4499 592 4585 quod
614 4501 758 4567 tenebris
780 4501 874 4585 regni
898 4496 1040 4566 Satanae
1062 4519 1160 4583 oppe-
1212 4497 1365 4585 bpoootetv
1380 4511 1516 4583 urgent:
1532 4501 1659 4566 interea
1673 4510 1780 4568 taoent
1795 4501 1881 4584 quod
1896 4514 1946 4568 est
1958 4502 2184 4584 praeeipuam:

184 4598 328 4655 ueretur.
1214 4587 1373 4668 quomodo
1404 4596 1497 4671 pater
1525 4586 1559 4651 io
1582 4586 1717 4654 Christo
1746 4606 1782 4652 se
1804 4589 1898 4654 nohis
1920 4588 2185 4670 oogueseeodum

271 4673 322 4741 13.
360 4673 423 4756 Qtti
458 4674 574 4760 eripuit
608 4694 674 4740 noa.
729 4672 781 4738 Eu
819 4671 1013 4754 principium
1046 4670 1162 4737 salutis
1214 4671 1378 4737 exhibeat.
1422 4671 1517 4752 Quod
1547 4673 1581 4737 in
1605 4673 1760 4738 voeabulo
1781 4673 1935 4757 imaginis
1958 4684 2062 4739 totum
2087 4691 2185 4739 suum

184 4771 325 4837 nostrae,
348 4781 448 4845 quum
472 4783 532 4826 nos
555 4761 647 4826 Deus
670 4757 807 4840 eripite
829 4757 990 4842 profundo
1012 4757 1105 4823 exitii
1127 4758 1161 4822 iu
1213 4757 1411 4840 praesidium
1434 4759 1603 4823 eonstituit
1620 4759 1884 4842 Chrysustomus,
1907 4759 1983 4824 dum
2006 4758 2186 4840 eontoodit,

184 4871 250 4933 qno
279 4847 420 4913 demersi
448 4868 574 4912 sumus.
626 4845 710 4911 Nam
740 4844 796 4909 ubi
825 4844 917 4909 abest
945 4846 1016 4908 eius
1045 4842 1161 4927 gratia,
1213 4851 1396 4908 ereaturam
1420 4865 1487 4907 non
1505 4863 1602 4925 posse
1619 4844 1680 4909 diei
1699 4847 1856 4911 orsatoris
1873 4846 2064 4931 imaginem:
2087 4845 2187 4910 nimis

184 4935 252 5000 illie
275 4936 445 4999 tenebrae:
469 4931 738 5014 quemadmodum
762 4930 902 4996 habetur
919 4928 1006 5012 apud
1022 4927 1161 4993 lesaiam
1213 4928 1379 4995 infirmum
1408 4938 1469 4995 est.
1512 4930 1584 4994 lmo
1606 4949 1625 4994 a
1647 4930 1753 4997 Paulo
1774 4930 1943 5010 refellitur,
1968 4932 2062 4997 euius
2084 4930 2187 4998 verba

184 5019 251 5105 (60,
272 5019 315 5106 2),
347 5020 433 5086 Eoos
463 5019 616 5084 tenebrae
649 5017 798 5100 operient
832 5029 965 5097 terram,
997 5026 1030 5079 et
1059 5015 1163 5097 oaligo
1214 5025 1292 5079 sont
1318 5014 1363 5100 (1.
1386 5013 1497 5081 Corin.
1522 5017 1572 5090 11.
1596 5014 1647 5101 l):
1696 5014 1760 5081 Vir
1791 5027 1843 5083 est
1876 5019 1985 5100 imago
2018 5022 2053 5081 et
2081 5017 2187 5103 gloria

184 5106 339 5189 populos:
361 5127 461 5189 super
482 5115 516 5169 te
539 5114 647 5170 autem
670 5104 793 5168 orietur
810 5102 982 5180 Dominus,
1005 5112 1037 5165 et
1058 5099 1163 5185 gloria
1213 5099 1288 5165 Dei.
1331 5101 1382 5166 Ns
1403 5100 1480 5184 quid
1502 5122 1581 5185 ergo
1603 5100 1781 5168 habeamus
1803 5103 1867 5168 nisi
1889 5101 2038 5183 solidum,
2069 5115 2188 5170 uetan-

188 5190 258 5257 eius
291 5192 324 5255 in
360 5203 392 5256 ts
421 5189 593 5257 videbitur.
645 5188 793 5254 Primum
827 5209 887 5253 nos
918 5187 981 5270 ipsi
1008 5186 1162 5252 tenebrae
1214 5185 1292 5250 dom
1310 5197 1369 5268 ost,
1387 5207 1505 5253 nomon
1524 5189 1677 5271 imaginis
1696 5208 1758 5253 non
1778 5188 1957 5270 prasdioari
1976 5189 2015 5254 de
2032 5189 2186 5268 mutia,

186 5293 364 5343 vooamur:
392 5276 510 5341 deinde
532 5284 620 5341 totus
641 5275 805 5341 mundus:
833 5283 866 5339 et
884 5271 988 5340 Satan
1010 5273 1161 5357 prineeps
1212 5270 1271 5338 sed
1300 5272 1421 5340 habere
1448 5273 1492 5341 ad
1519 5295 1579 5340 uos
1607 5273 1809 5340 relationem.
1852 5273 1933 5340 Ideo
1960 5275 2048 5341 anim
2079 5276 2187 5361 image
