4762 6016
185 396 246 462 161
1065 389 1217 460 CAPUT
1238 390 1301 461 IV.
2123 397 2190 465 loa

270 583 301 649 3.
324 581 411 651 Haeo
434 582 516 650 esim
537 586 582 649 eat
602 580 743 648 clauco
763 581 837 648 Dei.
882 579 974 647 Haeo
995 579 1159 666 maculis
1210 579 1266 648 ubi
1289 580 1345 664 qui
1367 580 1530 664 potentior
1551 589 1610 663 ast,
1631 581 1799 650 audaciam
1814 581 1914 649 sumit
1930 581 1972 650 sd
1990 586 2186 654 nocendum.

184 678 236 737 ast
257 668 415 748 doctrina,
436 689 478 734 ex
495 688 559 751 qua
576 676 731 750 tauquam
749 665 837 732 fonte
858 665 1074 751 particulares
1102 665 1160 731 ad·
1212 666 1363 732 Alterum
1397 666 1585 733 immodicas
1616 687 1730 734 omnes
1763 678 1796 735 et
1822 668 1960 736 iniustas
1989 669 2191 754 cupiditates.

185 754 383 821 monitiones
410 754 520 820 statim
550 751 688 820 deducit.
733 750 845 833 Quum
874 751 952 819 dicit
981 751 1066 818 hanc
1087 771 1161 819 esse
1210 752 1272 819 sub
1293 772 1329 817 se
1350 752 1505 818 continet.
1535 751 1647 834 Quum
1671 762 1783 819 autem
1805 753 1956 820 homiues
1976 755 2041 822 sibi
2062 766 2099 822 ut
2113 757 2187 841 plu·

185 838 252 906 Dei
273 840 487 920 voluntatem,
514 838 676 924 siguificat
704 855 764 904 nos
786 835 848 904 hoc
869 836 1005 904 consilio
1026 845 1160 906 vocatos
1212 838 1329 902 fimum
1367 837 1403 902 in
1435 837 1571 905 libidine
1600 850 1635 904 et
1665 839 1805 906 avaritia
1837 838 1994 924 indulgen
2053 853 2186 911 revocat

186 924 300 992 aDeo
328 944 413 991 esse:
444 943 482 990 ac
510 924 539 990 si
561 922 691 1000 diceret,
722 922 763 988 Iu
786 920 848 988 hcc
869 923 947 989 estis
969 922 1160 1003 Christiani,
1212 921 1278 988 illis
1304 923 1339 987 iu
1368 923 1558 989 memoriam
1589 923 1674 1007 qnod
1698 924 1788 1008 prins
1808 924 1969 1006 docuerat,
1992 852 2102 993 Boura
2123 927 2184 994 soi·

186 1011 253 1077 buc
285 1010 390 1077 tendit
421 1008 645 1094 evangelium,
676 1016 713 1074 ut
746 1027 803 1075 vos
836 1008 1045 1075 mendicetis
1077 1007 1159 1075 Dec.
1212 1007 1291 1075 licet
1317 1006 1435 1073 horum
1468 1008 1537 1074 iore
1571 1008 1719 1085 ultorem.
1770 1009 1961 1076 Notandum
1994 1032 2072 1078 rero
2098 1013 2186 1097 qnod

186 1095 275 1178 Quid
298 1096 408 1162 valeat
429 1115 547 1161 nomen
577 1093 964 1172 sanctificationis,
995 1094 1060 1158 iam
1084 1093 1161 1159 alibi
1212 1093 1301 1172 dicit,
1330 1093 1543 1159 obtestati
1570 1114 1725 1160 sumus.
1769 1095 1877 1162 Tanta
1898 1099 1985 1163 enim
2008 1106 2060 1164 est
2081 1097 2187 1165 homi·

186 1182 316 1267 saepius
332 1181 552 1282 dictumest,
582 1199 698 1279 nempe
720 1179 1006 1280 utrenuntiantss
1028 1177 1161 1280 mundo,
1214 1178 1463 1278 numterditas
1493 1187 1529 1245 ut
1550 1179 1615 1245 nisi
1643 1181 1762 1248 acriter
1789 1181 1931 1266 perculsi
1960 1181 2052 1250 nullo
2081 1183 2189 1252 dirim

186 1280 381 1453 111οᾶ111811
392 1263 1162 1429 lidziiffiriitlirilroiiugdinioislliliofferiieldgcelit
1212 1263 1331 1414 mdmil.
1344 1270 1676 1417 mummii.
1720 1350 1862 1419 Videtur
1878 1352 1992 1450 eadem
2015 1374 2087 1422 esse
2106 1353 2188 1455 haec

187 1457 252 1504 nm
274 1448 675 1591 1iillrnoxiatiiirritaisl‚⁰tudiliae
700 1541 767 1588 nna
788 1522 971 1605 praeceptio
993 1529 1044 1588 ast
1065 1539 1162 1620 qnam
1214 1437 1915 1620 iigffluianooiilic:ticiirii:rilnrriuiimffl
1930 1438 2187 1592 diffodigmllaflrii

187 1631 230 1677 ex
266 1608 416 1692 proximo
451 1610 540 1674 lonte
576 1606 717 1673 derivat:
754 1608 919 1673 sanctitati
955 1606 1044 1673 enim
1081 1605 1162 1671 n1h11
1216 1604 1270 1670 nbr
1303 1605 1343 1671 de
1375 1625 1459 1672 corn
1483 1606 1576 1672 endis
1606 1609 1714 1674 carnis
1746 1609 1837 1677 vitiis
1871 1609 2040 1689 disseruit,
2077 1610 2187 1679 Deum

188 1696 296 1780 magis
317 1694 517 1761 contrarium
540 1702 591 1759 est
612 1712 709 1776 quam
731 1690 895 1759 scortandi
913 1692 1058 1771 foeditas,
1081 1711 1164 1774 quae
1216 1690 1277 1758 hoc
1299 1690 1383 1757 velle
1406 1712 1464 1774 pro
1506 1693 1648 1758 tafine
1675 1695 1872 1762 vocationis:
1903 1715 1963 1761 nos
1985 1696 2071 1762 enim
2094 1697 2188 1780 quasi

190 1791 296 1847 totum
330 1780 493 1846 hominem
525 1777 650 1863 polluit.
701 1777 780 1844 Ideo
813 1778 967 1844 affectum
995 1779 1163 1861 concupis·
1214 1776 1248 1841 in
1272 1776 1436 1861 peculium
1458 1775 1521 1842 sibi
1543 1791 1704 1863 segregat.
1738 1780 1883 1847 Rursum
1906 1780 1991 1863 qnod
2013 1780 2105 1850 Deus
2126 1802 2189 1851 nos

189 1868 316 1933 cantiae
338 1865 379 1930 ad
401 1876 514 1949 gentes
535 1864 675 1948 ablegat,
697 1883 779 1946 quae
797 1862 906 1929 Deum
927 1864 1098 1948 ignorant:
1125 1883 1163 1929 ac
1215 1861 1255 1926 ad
1284 1863 1493 1929 sanctitatem
1522 1872 1625 1941 vocet,
1654 1864 1772 1948 probat
1794 1887 1813 1930 a
1835 1867 2017 1945 oonuariis,
2048 1869 2124 1951 quia
2145 1866 2187 1935 ab

188 1955 218 2021 si
240 1951 372 2029 diceret,
394 1950 450 2016 nbi
472 1957 589 2035 regnat
606 1949 670 2014 Dei
692 1949 843 2034 cognitio,
867 1949 992 2015 domari
1014 1958 1163 2032 oportere
1214 1947 1424 2014 immunditia
1451 1966 1512 2013 nos
1540 1948 1638 2033 eripit
1664 1969 1703 2017 ac
1729 1961 1876 2018 revocat:
1906 1951 1992 2019 unde
2014 1952 2189 2034 concludit,

188 2035 595 2191 tttbttlbmit'
607 2034 903 2186 131111..ἒὲ
911 2035 1164 2204 111ξέ19111
1214 2034 1397 2203 totth?
1411 2033 1920 2189 iiiiii‘iffididssil
1933 2038 2188 2207 lestolt.

286 2173 294 2202 t
1073 2169 1080 2184 ·
1387 2166 1396 2202 1
1599 2169 1607 2200 t
2080 2175 2087 2191 ·

189 2214 292 2276 tomes
311 2208 366 2274 boo
385 2207 475 2274 modo
495 2207 632 2289 infumat
652 2206 810 2273 dmidrriu
830 2206 936 2272 omnio
952 2226 1032 2289 quoa
1048 2224 1105 2271 rsoe
1121 2205 1164 2271 od
1214 2208 1278 2270 otc
1299 2205 1432 2272 mccidit
1452 2224 1555 2272 mereo
1575 2205 1613 2272 de
1639 2207 1721 2273 citus
1742 2208 1878 2273 nocitor
1892 2209 2063 2290 principio.
2107 2208 2188 2276 Ideo

189 2295 374 2377 uoluptatem
404 2293 585 2360 adelitiae
612 2292 788 2372 suetam,
816 2293 911 2358 sicuti
939 2290 984 2357 od
1006 2290 1165 2357 Rcmurtos
1215 2299 1322 2356 antem
1353 2301 1422 2356 tam
1452 2289 1661 2357 vehementer
1681 2293 1834 2378 insurgit,
1863 2294 1941 2376 qnia
1960 2314 2088 2377 semper
2109 2303 2190 2361 sunt

188 2382 288 2464 cupite
301 2385 354 2463 13,
375 2384 428 2458 14,
450 2378 559 2445 carnia
578 2377 685 2444 tobei
706 2397 813 2442 uram
835 2381 914 2443 estu
930 2397 993 2458 pro
1010 2377 1080 2441 eius
1095 2396 1162 2442 eors-
1214 2376 1358 2458 protervi
1380 2376 1542 2457 homines,
1564 2378 1631 2460 qui,
1654 2396 1755 2461 quum
1778 2398 1892 2444 secure
1911 2377 2020 2444 Deum
2042 2391 2187 2446 oontem-

189 2468 390 2548 cspiaoeutie.
435 2465 522 2529 Nam
547 2463 603 2529 obi
630 2464 694 2528 sibi
715 2470 857 2546 appetere
877 2462 1017 2528 homines
1032 2462 1163 2542 perrm‘r-
1215 2470 1306 2539 naut,
1329 2463 1435 2528 minas
1457 2482 1570 2527 omnes
1592 2463 1796 2529 subsannant
1812 2462 1923 2530 iudicii
1938 2464 2018 2547 eius,
2040 2474 2074 2529 et
2087 2466 2188 2532 simul

188 2556 267 2635 terat,
299 2551 406 2617 sudus
437 2556 481 2616 eet
512 2551 622 2615 medua
653 2549 810 2614 henrice.
867 2548 971 2628 Quare
996 2547 1071 2614 boec
1097 2568 1164 2612 coc
1216 2547 1326 2613 omnis
1348 2556 1479 2614 sancus
1501 2565 1538 2613 ac
1561 2549 1634 2631 piae
1657 2549 1744 2615 ritae
1765 2559 1946 2634 praecepta,
1969 2549 2110 2616 ludibrio
2129 2551 2188 2617 ba·

188 2638 409 2720 mosamius
441 2636 524 2702 rotie
556 2640 615 2719 ost,
653 2634 839 2719 cupiditates
870 2653 973 2699 ennea
1004 2634 1162 2716 fraenare.
1216 2631 1305 2698 bont.
1350 2632 1446 2698 Tales
1467 2631 1602 2699 docendi
1625 2655 1691 2700 non
1714 2645 1802 2718 sunt,
1825 2633 1882 2701 aed
1904 2656 2018 2702 severa
2035 2635 2187 2722 obiurga-

191 2721 393 2792 Particulam
411 2721 505 2802 hanc,
527 2729 566 2785 et
583 2720 682 2787 sciat
704 2721 973 2802 unusquisqne
991 2728 1163 2784 vestrum
1216 2718 1305 2784 tione
1327 2727 1483 2802 tanquam
1506 2717 1573 2783 ictu
1596 2719 1705 2785 mallei
1727 2720 1873 2786 feriendi.

190 2828 306 2876 suum
341 2829 414 2872 vas
447 2805 684 2890 possidere,
719 2803 867 2871 nonnulli
901 2804 940 2870 de
973 2824 1077 2870 uxore
1110 2824 1164 2868 ex·
1302 2805 1331 2870 8.
1359 2805 1421 2886 Qui
1453 2803 1546 2868 dmm
1577 2804 1669 2871 dedit.
1721 2804 1795 2886 Quo
1829 2804 1945 2872 melius
1972 2828 1992 2872 a
2021 2804 2078 2873 tali
2110 2827 2188 2874 oon·

190 2903 333 2980 ponunt:
364 2912 401 2959 ac
428 2896 455 2957 si
487 2891 608 2956 dictum
639 2901 733 2968 esset,
764 2892 872 2957 mariti
902 2912 976 2956 cum
1007 2889 1164 2956 uxoribus
1216 2897 1343 2975 temptu
1357 2890 1722 2973 etperricaciareroeet
1739 2891 2052 2972 Thessalonicenses,
2069 2894 2188 2977 spiritu

190 2979 307 3065 pudice
336 2978 492 3044 habitent.
546 2976 611 3044 Sed
641 2998 741 3060 quum
771 2978 951 3059 promiscue
979 2976 1164 3059 alloquatur
1216 2977 1280 3043 Dei
1302 2975 1467 3060 praeditos
1488 2996 1558 3042 esse
1580 2976 1742 3061 admonet,
1763 2997 1827 3060 quo
1845 2977 2032 3043 discernant
2047 2979 2189 3061 primum

191 3066 282 3133 viros
314 3077 346 3130 et
376 3064 539 3142 mulieres,
573 3083 638 3128 non
667 3062 802 3128 dubium
832 3076 882 3128 eat
911 3063 988 3146 quin
1018 3082 1077 3127 vas
1106 3080 1165 3144 pro
1240 3064 1294 3129 uid
1317 3060 1424 3128 sDeo
1446 3061 1504 3126 sit:
1527 3061 1644 3128 deinde
1665 3065 1750 3129 inter
1768 3064 1975 3130 sanctitatem
1993 3073 2027 3129 et
2046 3064 2190 3128 immun·

191 3151 515 3304 iiiiiiwdofficiiiiiii
537 3148 1016 3318 ifssuoaffiitzttaurrvrusscgqgg
1037 3166 1164 3298 dirigis
1216 3147 1705 3301 ioiiffimdffiinamiiitlgw
1723 3155 2063 3317 iirossrrtsitcorittraciudrisisi
2091 3150 2189 3300 mg

215 3344 255 3390 ns
287 3330 436 3389 nostrum
466 3320 507 3386 ab
537 3321 626 3387 omni
654 3319 808 3386 foeditate
837 3338 957 3405 purum
984 3337 1163 3385 servemus.
1216 3320 1354 3388 tamnu
1379 3338 1488 3403 qoem,
1516 3319 1657 3402 quodie
1685 3321 1826 3404 ipscrorn
1852 3319 1957 3402 cupito
1976 3255 2190 3402 recidettnisuiai

190 3344 245 3475 itt
277 3408 454 3490 honore,
486 3406 518 3472 id
552 3416 602 3473 est
631 3405 784 3473 honeste:
819 3406 895 3489 quia
922 3424 1040 3488 corpus
1068 3423 1164 3470 sunm
1216 3406 1315 3473 alieti
1335 3406 1400 3473 eirtt
1420 3423 1442 3471 o
1462 3406 1608 3490 metopio.
1653 3406 1743 3493 Ergo
1772 3411 1936 3489 omnaque
1966 3406 2059 3491 impii
2089 3425 2189 3490 quae·

189 3493 309 3578 probro
338 3504 372 3558 st
393 3491 521 3560 macula
543 3492 710 3578 adspergit
732 3494 788 3575 qui
805 3491 912 3574 ipsum
935 3489 1102 3573 prostituit
1123 3488 1163 3555 ad
1216 3512 1346 3575 cunque
1381 3491 1422 3556 de
1457 3498 1572 3558 sancta
1605 3492 1675 3558 vita
1708 3500 1741 3559 et
1772 3492 1892 3558 timore
1924 3490 1988 3558 Dei
2021 3491 2188 3571 docentur,

187 3578 429 3647 scortationem.
1217 3578 1363 3644 rideant:
1397 3576 1452 3659 qni
1483 3576 1595 3642 donati
1624 3587 1703 3644 aunt
1731 3577 1849 3662 spiritu
1870 3575 1945 3658 Dei,
1973 3577 2070 3663 longe
2099 3576 2188 3644 alind

1218 3662 1439 3730 testimonium
1474 3660 1598 3728 habent
1630 3662 1664 3727 in
1692 3661 1843 3730 cordibus
1870 3663 1940 3728 suis
1968 3662 2036 3730 obsi
2084 3671 2187 3729 atum.

188 3802 194 3809 .
277 3751 308 3817 6.
332 3748 384 3815 Ne
410 3747 483 3830 quie
507 3748 664 3832 opprimet
683 3747 731 3813 ori
750 3746 970 3814 mosomio
991 3749 1027 3812 irs
1047 3745 1164 3831 reccho
1216 3747 1407 3815 Cavendum
1429 3746 1530 3830 igitur
1552 3767 1594 3815 ns
1615 3747 1697 3815 illud
1715 3749 1940 3833 exstinguant,
1960 3746 2008 3813 uel
2071 3748 2188 3815 daem.

187 3837 323 3923 {ratres
353 3853 465 3901 auum:
494 3835 572 3916 quic
602 3832 717 3899 aaa
747 3833 808 3898 erit
838 3833 997 3900 Doricus
1027 3833 1165 3898 omniura
1219 3835 1415 3916 Quamquam
1447 3832 1490 3898 od
1522 3830 1662 3898 Pacoro
1689 3839 1718 3900 st
1746 3834 1891 3918 reliquos,
1909 3834 2045 3900 ocare
2072 3833 2189 3912 referri

190 3924 331 4001 mmm,
360 3919 617 4005 quenadmodum
644 3918 919 4002 dmomioimua
946 3918 1042 4001 mdia,
1069 3916 1164 3983 doh
1216 3918 1395 4001 sapum,
1425 3936 1462 3984 oo
1490 3918 1754 3987 asceam
1781 3939 1843 3986 rece
1871 3938 1911 3984 ra
1937 3917 2189 3987 bonumeam

188 4009 294 4075 tertuli
312 4025 433 4074 aomos.
469 4005 498 4072 1.
523 4003 596 4070 Nos
616 4003 699 4068 erim
719 4005 838 4070 coeaetr
857 4024 913 4071 uos
934 4002 1023 4071 Dorta
1043 4004 1086 4070 od
1107 4005 1165 4069 irre
1217 4003 1443 4071 immunditiem
1464 4002 1624 4083 damnare,
1646 4004 1701 4072 aad
1720 4024 1760 4071 err
1780 4005 1845 4072 Dei
1865 4004 2032 4071 amicte
2046 4024 2189 4089 pronun·

189 4095 390 4176 munditiem,
422 4091 477 4158 aad
507 4089 552 4156 od
578 4089 859 4170 modificationes.
908 4089 938 4154 8.
965 4088 1077 4171 Itaque
1108 4090 1165 4172 qui
1216 4092 1297 4156 tiore
1322 4089 1403 4171 quod
1431 4087 1470 4153 ab
1495 4089 1564 4155 eiua
1595 4089 1713 4172 spirita
1740 4091 1892 4157 dictatum
1919 4096 1980 4157 eet:
2007 4111 2060 4175 epo
2085 4095 2188 4157 tumes

189 4178 245 4248 ltco
269 4179 425 4262 repudiet,
453 4196 516 4244 reon
536 4175 689 4241 bominem
710 4174 864 4257 repudiat,
891 4175 947 4241 sert
968 4173 1081 4255 Deum,
1110 4176 1166 4257 qai
1216 4175 1342 4241 mace
1376 4177 1524 4257 mosque
1559 4174 1751 4258 wmplacior.
1803 4175 1965 4258 wodor»
1994 4175 2189 4259 compluris

189 4265 286 4359 stium
306 4264 391 4331 dudd
411 4263 560 4346 spiritum
580 4280 675 4326 asom
694 4265 835 4326 surdum
856 4263 891 4326 irs
912 4280 979 4326 nce.
1212 4257 1996 4431 qmfflwfflw:
2032 4261 2113 4343 qaod
2145 4262 2190 4328 od

1813 4369 1832 4413 r
1974 4396 1982 4412 .

274 4436 307 4501 6.
332 4433 468 4518 Nequit
487 4433 653 4516 opprimet.
691 4431 767 4497 Alia
781 4431 966 4496 exhortatio
988 4451 1070 4514 qnae
1093 4440 1164 4495 tan·
1661 4366 1712 4429 m

213 4541 290 4588 nam
331 4523 421 4588 nans
459 4539 502 4584 ex
541 4517 805 4585 sanctificationis
841 4517 987 4582 doctrina
1023 4515 1162 4582 ducitur.
1301 4515 1331 4581 9.
1353 4514 1405 4581 Do
1424 4516 1565 4598 fraterrae
1584 4521 1688 4584 cums
1708 4537 1813 4584 amore
1833 4538 1897 4585 sors
1916 4537 1995 4600 opus
2011 4515 2129 4586 haidis
2153 4523 2190 4586 ut

226 4608 284 4686 ult,
314 4606 429 4689 inquit,
462 4603 555 4670 Deus
578 4623 638 4669 nos
659 4603 873 4684 mactilicare,
905 4624 947 4665 nc
967 4602 1042 4685 quis
1069 4603 1163 4667 fratri
1215 4599 1350 4669 acrihura
1377 4601 1479 4669 cobir:
1509 4602 1576 4686 ipsi
1604 4602 1685 4668 enim
1710 4622 1766 4669 oea
1786 4624 1808 4669 c
1828 4602 1897 4670 Deo
1925 4605 2000 4671 aslis
2020 4603 2190 4686 ΜΝ

190 4712 251 4762 suo
286 4693 444 4759 iniuriam
480 4690 610 4756 inierat.
664 4688 749 4755 Nam
783 4688 869 4770 qnod
907 4685 979 4756 Chr
1001 4689 1163 4754 sostomus
1215 4687 1358 4770 diligetis
1380 4687 1520 4755 invicem
1566 4688 1615 4755 10.
1639 4686 1766 4754 moa
1786 4688 1842 4756 boo
1861 4689 1970 4772 focius
1990 4709 2064 4774 erpo
2083 4708 2189 4765 cmm

193 4779 392 4847 sententiam
408 4776 493 4843 hanc
514 4775 675 4842 convertit
685 4793 759 4840 cum
775 4774 899 4857 priore:
917 4781 951 4838 et
985 4770 1163 4859 περβαῐνειν
1212 4774 1331 4856 fratres
1352 4773 1409 4854 qui
1428 4778 1501 4838 aaut
1522 4773 1558 4839 irs
1578 4777 1641 4840 totu
1661 4773 1856 4841 Macedoaic.
1893 4775 2070 4843 Hortamur
2084 4779 2189 4842 cutes

186 4865 247 4931 aci
268 4863 471 4930 πλεονεκτεῖν
493 4860 634 4945 exponit,
657 4859 772 4926 alienis
793 4857 951 4925 uxoribus
979 4859 1108 4924 inhiare
1129 4866 1164 4925 et
1214 4877 1282 4956 ooo,
1300 4858 1427 4940 fraires,
1448 4863 1484 4923 st
1504 4858 1666 4925 modetia
1685 4860 1798 4944 mcqio,
1832 4860 1883 4928 11.
1901 4866 1930 4927 el
1950 4861 2049 4928 ultius
2068 4865 2187 4928 molen

190 4971 247 5018 ess
276 4959 448 5034 appetere:
478 4946 576 5012 nimis
608 4950 759 5012 coactum
787 4953 845 5010 est
894 4943 1064 5027 Postquam
1089 4963 1164 5026 erqo
1214 4943 1299 5010 duas
1320 4947 1356 5008 cr
1375 4942 1484 5009 colmie
1503 4943 1645 5027 quicar»,
1666 4949 1695 5009 ct
1715 4946 1820 5030 opulis
1840 4967 1892 5014 res
1911 4951 2039 5030 oestrus,
2062 4944 2189 5014 stato

190 5056 290 5104 mm
322 5032 530 5101 immunditiei
559 5029 732 5113 eampum
759 5031 794 5096 ira
822 5030 964 5097 roccio
984 5036 1012 5095 et
1032 5028 1163 5096 libidine
1213 5029 1289 5095 retia
1309 5027 1457 5095 mesdeo
1477 5029 1600 5112 om,
1628 5031 1887 5112 quemadmodum
1911 5031 1996 5098 ochis
2022 5031 2189 5099 mama·

189 5124 294 5206 attiqit
315 5120 446 5197 Paulus,
475 5119 694 5199 huncquoque
715 5115 809 5183 docet
830 5117 1013 5182 sanctitatis
1035 5124 1161 5199 partem
1213 5117 1333 5197 umus,
1365 5115 1415 5179 12.
1442 5120 1478 5180 or
1504 5113 1668 5182 amomo
1693 5117 1831 5184 decoctior
1855 5137 1928 5203 erqo
1956 5122 2131 5200 auruncos,
2159 5123 2193 5184 ct

190 5226 274 5288 esse,
304 5218 340 5273 nt
370 5208 454 5270 inste
475 5214 509 5270 et
530 5205 722 5268 iunocenter
743 5222 878 5286 agamus
899 5222 974 5269 cum
997 5200 1160 5284 proximis.
1213 5199 1302 5267 nuuc
1322 5220 1357 5266 re
1373 5220 1452 5284 opus
1474 5199 1624 5268 habedic

190 5292 289 5361 Prius
319 5290 455 5357 verbum
486 5288 526 5354 sd
558 5286 717 5356 violentas
744 5287 971 5369 oppressiones
1006 5287 1160 5353 refertur:

298 5410 512 5479 samsom
548 5407 606 5464 rot
621 5404 693 5462 an.
1934 5407 1969 5462 ιι
