4762 6016
185 331 248 397 281
1070 328 1223 398 csPUu
1244 330 1309 396 111.
2128 336 2195 404 282

188 529 302 599 stores,
330 523 394 607 ipsi
419 522 607 608 episeopum
636 522 702 587 aeui
726 520 800 586 innt
828 521 885 603 qni
907 539 948 586 ex
970 538 1165 604 unoquoque
1218 518 1298 599 dixi,
1313 519 1354 586 ub
1368 521 1482 588 ordine
1496 522 1671 606 episeopali
1686 525 1789 590 areeri
1808 523 2027 610 polygamiem
2044 547 2063 592 e
2078 527 2195 608 Paulo,

188 607 327 693 eollegio
349 608 531 692 eligebatur
552 616 591 672 nt
611 538 768 673 iratrihus
789 615 965 689 praeesset.
1005 607 1166 672 Memine-
1188 531 1194 676 l
1217 607 1295 688 quie
1316 609 1448 692 signum
1475 607 1684 674 sithominis
1705 606 1878 689 libidinosi,
1907 620 1941 676 st
1961 611 2059 678 fidem
2082 615 2195 680 eoniu—

188 694 294 761 rimus
315 711 396 780 ergo
424 692 560 777 perinde
581 691 692 759 valere
717 692 779 759 hoo
801 711 929 776 nomen,
958 711 997 758 eo
1018 693 1046 756 si
1069 692 1164 756 mini·
1217 692 1324 775 gelem
1343 714 1409 758 non
1431 695 1604 760 servantis.
1643 695 1768 760 Verum
1791 695 1845 762 hio
1865 697 2024 780 obiieitur,
2047 719 2114 764 non
2136 698 2194 767 de·

188 786 284 859 stros,
305 781 360 846 vel
383 789 540 862 pastores,
562 776 615 845 rel
638 779 845 863 presbyteros
866 778 1075 843 nominasset.
1217 779 1326 844 buisse
1348 778 1433 862 quod
1456 781 1491 844 in
1512 781 1664 847 omnibus
1685 790 1736 846 ost
1756 781 1923 863 vitiosum,
1950 783 1984 847 in
2008 783 2085 851 solis
2107 787 2193 868 epis·

275 867 305 933 d.
332 865 459 950 Oportet
478 885 558 950 erqo.
592 863 727 930 Illatirs
747 863 908 948 partioule
929 863 1164 946 expositionem
1217 864 1307 946 oopis
1328 863 1477 930 damnari
1499 865 1552 931 vel
1571 865 1746 949 prohiberi.
1781 865 1909 933 Solutio
1924 868 2029 934 ieeilis
2044 879 2103 949 est,
2125 888 2192 937 non

189 970 288 1036 quam
310 956 404 1037 posui
421 953 602 1019 eouflrmet.
642 950 728 1015 Nam
749 963 811 1032 pro
824 951 972 1015 muneris
994 949 1026 1014 di
1075 948 1165 1028 itets,
1216 948 1290 1014 ideo
1318 952 1470 1032 protinus
1497 951 1570 1017 aliis
1597 953 1668 1017 fleri
1696 952 1870 1031 lieentiem,
1904 974 2003 1034 quum
2032 957 2194 1041 episeopis

190 1037 315 1122 oolligit
344 1039 511 1105 hominem
541 1037 664 1120 requiri
693 1035 878 1119 proeditum
911 1037 996 1101 reris
1049 1035 1165 1112 otibus,
1217 1035 1411 1101 nominatim
1433 1037 1495 1103 heo
1510 1037 1726 1105 interdieitnr.
1760 1039 1874 1122 Neque
1889 1040 1977 1105 enim
1992 1039 2127 1106 dubium
2141 1053 2194 1109 est

190 1133 224 1189 et
244 1142 311 1191 non
333 1123 510 1209 quemlibet
531 1142 574 1188 ex
595 1121 704 1207 vulgo.
748 1120 788 1187 Si
809 1130 897 1187 esset
925 1121 1048 1186 bonnm
1073 1139 1166 1203 opus,
1217 1123 1298 1203 quin
1320 1120 1441 1187 Penius
1471 1125 1507 1186 in
1540 1124 1732 1190 universum
1762 1124 1968 1191 damnaverit
2000 1127 2087 1210 quod
2119 1146 2192 1194 oum

190 1220 229 1276 ut
260 1210 359 1278 habet
390 1210 570 1278 eommunis
602 1207 790 1274 translatio:
823 1208 876 1275 vel
910 1207 1094 1284 honestum,
1128 1216 1166 1270 ut
1217 1215 1377 1288 perpetue
1399 1209 1462 1273 Dei
1484 1207 1556 1294 lege
1586 1210 1762 1294 pugnabat.
1806 1211 1931 1277 Fixum
1953 1212 2041 1278 enim
2064 1222 2114 1280 est
2136 1213 2192 1280 de·

190 1295 333 1364 reddidit
347 1297 522 1363 Erasmus:
540 1294 645 1361 illatio
660 1309 726 1359 non
741 1293 924 1376 quadraret.
957 1291 1042 1356 Vult
1056 1300 1166 1357 autem
1218 1302 1357 1357 oretum:
1388 1294 1497 1358 Erunt
1525 1296 1590 1360 duo
1618 1297 1651 1361 in
1679 1309 1808 1362 earnem
1836 1316 1946 1363 unam.
1992 1297 2058 1364 Sed
2086 1300 2195 1382 potnit

191 1384 432 1466 episeopum
455 1401 549 1448 esse
565 1378 1005 1462 irreprehensibilem:
1027 1397 1165 1461 proquo
1217 1379 1253 1442 in
1275 1378 1348 1444 eliis
1378 1389 1543 1463 omenque
1572 1382 1713 1448 tolerare
1741 1382 1830 1465 quod
1859 1384 1893 1448 in
1916 1383 2067 1468 episeopo
2092 1385 2193 1452 nimis

191 1468 232 1534 ad
248 1468 359 1534 Titum
381 1467 427 1554 (1,
443 1465 478 1554 i)
495 1468 616 1550 posuit,
638 1463 854 1551 eveximus:
876 1473 1016 1547 utroque
1034 1463 1165 1529 nomine
1218 1473 1321 1545 turpe,
1352 1462 1487 1548 ideoque
1516 1467 1774 1534 eonferendum
1798 1469 1920 1534 luisset.
1964 1469 2078 1553 Neque
2106 1472 2193 1536 enim

191 1555 390 1638 signifioens,
419 1573 486 1619 non
509 1552 626 1618 debere
647 1551 716 1617 ulle
742 1550 878 1617 intumis
905 1560 1056 1615 notatum
1084 1567 1165 1631 esse,
1217 1548 1271 1615 hie
1286 1550 1389 1615 lexin
1404 1560 1571 1634 posterum
1587 1555 1741 1634 sentitur,
1764 1575 1806 1619 ne
1821 1555 2001 1639 episeopus,
2021 1556 2077 1639 qui
2092 1575 2193 1622 unum

191 1656 276 1723 ques
303 1640 511 1707 autoritetsm
541 1638 591 1703 illi
624 1637 768 1721 dmopet.
813 1635 929 1718 Neque
960 1637 1048 1701 enim
1076 1636 1165 1700 inter
1217 1635 1316 1701 habet
1337 1655 1484 1718 uxorem,
1514 1637 1691 1704 seeundum
1713 1648 1770 1704 ent
1799 1641 1930 1705 tertiam
1952 1640 2104 1707 induent:
2134 1642 2193 1709 sod

190 1725 341 1793 homines
361 1727 543 1810 reperietur
570 1724 627 1807 qui
648 1741 752 1807 purus
779 1721 824 1788 sit
844 1723 935 1788 omni
963 1723 1052 1788 vitio.
1098 1720 1164 1787 Sed
1217 1720 1258 1786 ab
1279 1722 1395 1787 ordine
1416 1724 1593 1807 episeopeli
1620 1725 1751 1808 repellit
1771 1726 1895 1792 Paulus
1922 1728 2107 1811 qniounque
2128 1726 2195 1794 tela

191 1811 279 1878 alind
302 1821 369 1896 est,
391 1811 543 1877 laborare
570 1808 800 1876 eommunibtts
829 1808 920 1873 vitiis
948 1828 1031 1892 quae
1052 1807 1164 1873 existi·
1216 1808 1377 1892 flegitium
1401 1809 1603 1875 admiserint.
1641 1810 1737 1890 Quod
1760 1812 1871 1896 itaque
1891 1813 1956 1877 iem
1979 1812 2101 1879 laetum
2123 1833 2193 1879 eor·

189 1898 369 1964 mationem
401 1912 469 1962 non
502 1895 651 1975 laedunt,
684 1896 761 1979 qnia
792 1895 916 1959 eadunt
948 1896 983 1958 in
1015 1893 1166 1960 homines
1217 1894 1280 1976 rigi
1302 1914 1367 1959 non
1389 1897 1615 1978 potentiori
1636 1906 1777 1981 moetus,
1798 1898 1855 1964 ssd
1878 1898 2010 1965 nonnisi
2031 1899 2066 1964 in
2088 1898 2193 1982 plebe.

188 1983 451 2050 honestissimos:
473 1980 563 2047 eliud
583 1981 732 2064 probrosi
753 1998 825 2046 esse
847 1980 1001 2064 nominis,
1029 1979 1082 2046 vel
1104 1978 1165 2044 oli·
1217 1976 1307 2059 Quid
1329 1981 1415 2045 enim
1438 1981 1595 2048 remedii?
1625 2002 1666 2047 en
1690 1982 1849 2049 uouendas
1878 2004 1917 2049 ee
1938 1986 2052 2051 terties
2074 2004 2194 2051 uxores

188 2086 254 2153 que
276 2068 481 2153 turpitudine
501 2086 573 2134 esee
594 2066 769 2133 ioedetum.
813 2065 968 2152 Ergone
990 2065 1165 2132 autoritate
1217 2064 1453 2151 repudiossent,
1483 2070 1538 2149 qni
1567 2067 1631 2134 sub
1652 2067 1817 2134 Iudaismo
1845 2068 1881 2133 in
1910 2070 2127 2155 polygemiom
2157 2090 2195 2137 se

189 2164 300 2222 eareat
321 2157 502 2240 episeopus,
531 2154 622 2220 iubet
643 2154 720 2238 eligi
742 2153 799 2237 qni
821 2153 864 2218 sit
886 2155 1042 2219 honestae
1063 2160 1098 2216 et
1118 2151 1166 2216 in·
1216 2151 1443 2218 oonieoeraut?
1499 2155 1600 2238 Atqui
1635 2153 1700 2218 tale
1733 2153 1905 2237 repudium
1937 2176 2003 2222 non
2035 2154 2194 2223 oaruisset

189 2250 302 2326 tegreo
317 2242 431 2320 famae,
449 2240 600 2323 nullique
613 2238 750 2305 notebili
764 2239 847 2304 vitio
862 2241 1032 2306 obnoxius.
1061 2238 1167 2303 Porro
1217 2237 1346 2304 iniuria.
1392 2237 1489 2320 Quod
1518 2258 1598 2325 ergo
1627 2241 1793 2322 integrum
1821 2261 1887 2305 non
1918 2249 2000 2324 eret,
2032 2242 2193 2308 inteotum

189 2343 258 2392 nun
280 2334 409 2393 tontum
432 2326 625 2411 praeseribit
639 2325 812 2393 Timotheo
833 2327 947 2408 quales
970 2326 1089 2408 eligere
1111 2322 1165 2388 de·
1216 2321 1365 2405 reliquit:
1388 2331 1516 2390 mutum
1532 2325 1670 2410 exeepit,
1690 2343 1734 2392 ne
1755 2325 1828 2410 quis
1852 2326 2023 2411 episeopus
2044 2328 2101 2393 toli
2123 2346 2192 2394 me·

191 2413 274 2491 beet,
304 2413 362 2480 sed
387 2414 487 2479 etiem
516 2411 663 2498 singulos
691 2411 844 2477 edmonet
870 2413 927 2496 qni
954 2410 996 2477 ud
1026 2409 1163 2495 medum
1216 2407 1291 2473 ente
1311 2409 1485 2494 adspersus
1506 2421 1602 2478 esset.

188 2495 281 2564 illum
316 2498 496 2583 adspirent,
530 2508 567 2565 ut
596 2520 632 2564 se
664 2498 833 2579 vitamque
864 2518 958 2566 suam
991 2496 1166 2580 diligenter
1305 2494 1462 2561 Subrium.
1489 2496 1646 2564 Erasmus
1661 2497 1804 2563 reddidit
1818 2497 2023 2582 vigilantem.
2051 2498 2194 2581 Quando

188 2584 391 2651 examinent.
1218 2581 1378 2667 νηφάλιος
1396 2582 1533 2649 (iraeeis
1556 2590 1731 2667 utrumque
1745 2583 1920 2668 signifieat,
1941 2583 2066 2670 eligent
2080 2593 2194 2654 utrum

284 2671 385 2741 Ueios
398 2672 511 2739 uxoris
524 2673 684 2738 moritum.
716 2669 850 2737 Puerile
865 2677 916 2735 est
932 2678 1165 2749 sommentum,
1219 2669 1331 2735 volent
1356 2669 1505 2734 leotoree.
1554 2666 1714 2754 Σώφρονα
1738 2669 1840 2735 malui
1867 2666 2004 2736 reddere
2033 2680 2193 2755 tempe·

188 2760 399 2843 interpretari
422 2759 521 2824 nnius
535 2758 689 2824 ecelesiae
710 2767 885 2838 pastorem.
917 2755 1094 2839 Reoeptior
1116 2764 1167 2820 est
1218 2763 1378 2821 rentem
1423 2772 1523 2837 quem
1564 2756 1723 2821 sobrium:
1756 2755 1835 2839 quie
1867 2756 2061 2844 σωφροσύνη
2092 2757 2194 2825 latins

189 2845 296 2911 alteru
318 2845 490 2929 expositio,
512 2844 631 2909 debere
645 2841 746 2925 reeipi
761 2845 818 2924 qui
841 2863 906 2909 non
924 2842 1021 2906 tuerit
1043 2839 1165 2924 dupliei
1217 2849 1309 2925 patet
1330 2860 1427 2925 quam
1454 2840 1623 2908 sobrietee.
1669 2841 1937 2926 Compositne
1965 2844 2109 2927 estqui
2136 2841 2193 2911 de·

190 2930 344 3017 osningio
376 2929 570 3013 implioitus,
607 2930 673 2994 iam
712 2938 824 2996 umen
856 2926 1027 3004 melitem,
1068 2928 1166 2993 unies
1217 2936 1329 2994 oenter
1349 2933 1383 2992 et
1400 2925 1537 2992 honeste
1558 2927 1701 3012 sugerit.
1735 2926 2023 3013 Hospitalitas
2045 2940 2097 2995 est
2114 2949 2193 3014 erga

190 3031 294 3083 uxore
315 3023 456 3082 mortue.
501 3013 568 3082 eeu
596 3014 685 3080 enim
707 3023 776 3078 tem
798 3014 853 3082 hio
875 3031 975 3095 quam
996 3012 1103 3096 primo
1124 3012 1166 3079 ed
1217 3022 1406 3079 extraneos:
1429 3013 1520 3079 ouius
1542 3014 1743 3096 frequentior
1765 3013 1851 3099 spud
1869 3022 1998 3081 veteres
2019 3035 2098 3081 usus
2120 3018 2192 3082 tuit.

190 3102 303 3169 uitem
325 3102 441 3187 eapite,
464 3101 564 3168 verba
580 3101 628 3167 its
649 3107 778 3183 sonent,
800 3101 859 3184 qni
877 3100 935 3165 sit:
959 3118 1025 3163 non
1044 3107 1165 3178 eutem,
1217 3100 1328 3182 Turpe
1349 3099 1436 3164 enim
1458 3098 1575 3165 fuisset
1596 3099 1745 3166 honestis
1767 3100 1967 3178 hominibus,
1990 3108 2023 3167 et
2045 3120 2192 3184 praeser-

190 3190 247 3274 qni
269 3189 378 3255 luerit.
422 3188 469 3253 Et
495 3187 584 3253 inira
611 3186 717 3270 eapite
743 3189 868 3268 quinto,
897 3202 997 3268 quum
1025 3194 1102 3269 eget
1124 3184 1165 3250 de
1217 3187 1278 3250 tim
1300 3186 1394 3262 notis,
1423 3186 1457 3250 iu
1479 3204 1643 3268 eeuponas
1665 3185 1836 3252 divertere.
1881 3185 1989 3251 Hodie
2012 3186 2077 3253 elia
2098 3190 2192 3273 ratio,

189 3274 310 3360 viduis,
339 3274 493 3342 distinete
515 3280 626 3340 utetur
647 3274 817 3356 praeteriti
842 3271 1001 3354 temporis
1030 3271 1164 3354 pertioi·
1217 3281 1399 3337 esttamen
1428 3290 1622 3355 semperque
1649 3270 1712 3338 erit
1742 3273 1850 3337 vimus
1870 3271 1951 3338 hese
1975 3273 2010 3338 in
2044 3276 2194 3359 episeopo

188 3360 253 3446 pie.
290 3361 467 3428 Praeterea
487 3358 550 3426 heo
571 3358 668 3425 modo
688 3376 733 3442 pu
781 3367 851 3426 eret
872 3357 944 3440 ipse
965 3374 1090 3423 seeum:
1111 3364 1164 3421 ut-
1216 3356 1338 3422 multss
1359 3357 1401 3422 ob
1423 3376 1538 3423 nenses
1560 3357 1750 3425 neeessarie.
1793 3356 1887 3423 Adde
1909 3361 1991 3440 quod
2013 3361 2050 3425 ie
2070 3359 2191 3429 moduli

188 3451 268 3532 pote
300 3449 358 3530 qui
391 3447 469 3513 aiibi
498 3443 545 3532 (1.
560 3443 720 3526 (lorini,
756 3445 792 3527 b)
824 3450 964 3510 testetur
995 3462 1032 3508 se
1063 3442 1164 3508 telem
1210 3443 1341 3525 pionem
1361 3443 1522 3509 renuens
1551 3461 1674 3510 neeesse
1699 3443 1764 3526 fuit
1783 3443 1896 3511 mee
1917 3445 2047 3513 subinde
2067 3451 2190 3515 mttere

188 3533 280 3598 nolle
318 3534 451 3600 iniieere
483 3532 638 3615 laqueum
675 3531 893 3599 eonseientiis.
954 3526 1033 3596 Sole
1064 3527 1167 3613 igitur
1215 3529 1333 3596 terrem:
1353 3529 1481 3611 ideoqw
1499 3528 1607 3596 dorros
1627 3529 1817 3613 episoopuies
1833 3549 1952 3598 amoene
1971 3530 2037 3612 fuit
2055 3552 2122 3601 eene
2139 3553 2192 3601 ee·

187 3616 417 3703 Ohrysostomi
439 3618 598 3701 expositio
612 3636 693 3683 vere
713 3631 772 3699 est,
794 3615 1013 3702 polygemiem
1030 3613 1084 3681 hie
1106 3634 1164 3679 no·
1215 3615 1322 3681 eutem
1335 3614 1497 3698 Μαρία.
1542 3613 1614 3680 Imo
1634 3616 1780 3682 emimus
1807 3616 1882 3699 ipso
1901 3621 2073 3696 mtporstm
2093 3636 2192 3687 mees-

188 3704 338 3768 minetim
361 3705 396 3769 in
425 3703 574 3788 episeopo
599 3701 757 3786 domnoli,
786 3722 868 3788 qnae
896 3710 977 3768 tuno
998 3702 1085 3784 epud
1107 3700 1164 3765 Iu·
1215 3703 1296 3766 situs
1316 3701 1359 3765 od
1379 3705 1523 3765 meeum
1551 3700 1688 3769 evomes
1708 3702 1810 3787 eoepit,
1838 3706 1873 3767 ut
1892 3701 1977 3768 otius
2001 3704 2078 3769 otiis
2096 3724 2191 3787 proe-

189 3790 288 3855 deeos
309 3809 368 3874 pro
389 3788 462 3874 lege
483 3788 551 3853 tere
576 3786 773 3856 obtinuerat.
817 3787 945 3854 Pertim
974 3787 1037 3852 hoe
1067 3785 1165 3852 habe·
1215 3787 1315 3853 berit
1335 3787 1480 3868 bospitio.
1524 3784 1626 3854 Porro
1641 3788 1707 3854 uisi
1726 3789 1761 3853 iu
1782 3786 1837 3854 boo
1857 3787 1955 3870 officii
1975 3808 2086 3872 ponere
2105 3791 2193 3859 viam

188 3875 270 3940 bant
291 3896 333 3941 ex
356 3892 509 3959 perverse
530 3883 661 3956 petrum
679 3873 879 3940 imitatione:
900 3871 992 3958 (nem
1007 3873 1063 3955 qui
1078 3871 1163 3955 lege·
1216 3872 1292 3937 otiis
1312 3876 1534 3939 monstrasset
1549 3873 1696 3957 epiecopi,
1719 3873 1863 3958 plerique
1876 3873 2101 3942 humanitatem
2121 3875 2191 3942 uto

187 3962 281 4041 bant,
304 3961 483 4040 Abraham,
504 3958 614 4041 Ieoob,
637 3959 796 4025 Davidem
820 3967 854 4022 et
869 3956 992 4022 similes
1015 3957 1164 4040 pluribus
1215 3978 1289 4023 rum
1310 3959 1447 4039 mesple
1472 3959 1804 4043 metuentesque
1830 3960 1878 4025 t'to
1907 3962 2085 4028 mesenate
2108 3962 2192 4045 fetis·

188 4047 289 4113 simul
310 4047 466 4114 uxoribus
492 4046 595 4112 inisse
617 4045 816 4131 eoniugutos,
844 4043 932 4108 idem
954 4043 1016 4109 sibi
1039 4062 1165 4126 qnoque
1215 4048 1282 4109 sert
1301 4044 1411 4108 miseri
1431 4044 1545 4110 make.

188 4131 288 4199 lisere
320 4130 576 4217 arbitrabuntur)
608 4130 729 4215 partim
758 4131 845 4196 huno
873 4127 1092 4211 corruptelam
1121 4149 1165 4193 ex
1302 4130 1422 4212 Aptum
1443 4130 1486 4195 ud
1507 4130 1683 4196 dedendum
1727 4126 1906 4198 Doetrinae
1935 4131 1969 4198 in
1992 4132 2129 4217 epistole
2150 4133 2191 4198 ed

186 4219 308 4284 vieinis
337 4220 490 4302 gentibus
518 4225 699 4283 traxerant.
751 4216 929 4298 Nunquam
961 4214 1050 4280 enim
1078 4213 1164 4296 apud
1216 4215 1328 4280 Titum
1358 4217 1541 4297 expressior
1571 4217 1609 4281 fit
1636 4216 1775 4281 mentio:
1807 4218 1861 4283 hie
1889 4224 2019 4284 tantum
2048 4219 2193 4285 breviter

187 4301 465 4388 orientalesque
487 4303 621 4369 deosbat
643 4304 802 4390 religione
824 4302 943 4367 etlide
972 4300 1062 4367 eulta
1093 4300 1164 4366 fue·
1217 4300 1446 4367 dexteritatem
1469 4302 1571 4384 ponit
1615 4301 1731 4385 Neque
1758 4303 1846 4367 enim
1876 4304 1959 4369 setis
1981 4312 2033 4370 est
2061 4305 2089 4370 si
2118 4305 2191 4388 quie

188 4399 271 4454 runt
292 4393 454 4477 ooniugie.
499 4388 666 4472 Quidquid
694 4392 749 4470 sit,
777 4386 966 4473 polygamie
993 4386 1080 4468 apud
1109 4406 1165 4452 eos
1217 4386 1383 4451 rooondite
1405 4387 1588 4452 eruditione
1616 4387 1745 4470 polleat,
1776 4389 1840 4454 nisi
1861 4388 1995 4456 aenedat
2015 4391 2113 4455 etism
2137 4390 2192 4456 do

188 4474 293 4559 vulgo
314 4477 508 4542 invaluerat.
544 4474 659 4559 Itaque
680 4496 748 4543 non
769 4474 933 4540 immerito
948 4470 1072 4538 Paulus
1093 4492 1165 4538 me·
1216 4472 1311 4538 tendi
1333 4473 1449 4556 gratia,
1471 4473 1572 4539 Multi
1588 4473 1687 4558 enim,
1709 4473 1764 4539 vol
1780 4474 1859 4557 quia
1879 4475 2014 4559 linguae
2028 4484 2108 4542 sunt
2128 4478 2192 4542 im-

191 4560 298 4628 oulem
320 4562 407 4629 hano
427 4562 469 4628 ob
491 4561 631 4647 episeopi
650 4581 790 4646 persona
810 4559 950 4624 alienam
972 4578 1044 4624 esse
1066 4559 1164 4624 iubet.
1215 4557 1354 4641 pedites,
1385 4558 1436 4625 vel
1459 4559 1535 4641 quia
1557 4579 1623 4624 non
1646 4559 1728 4624 satis
1749 4561 1944 4643 perepieeeis
1972 4562 2106 4648 ingenii,
2136 4560 2191 4630 vol

191 4647 307 4731 Neque
328 4657 438 4715 tamen
461 4668 573 4714 eornm
594 4650 782 4732 opinionem
799 4644 946 4730 improbe
969 4644 1026 4728 qui
1047 4654 1165 4728 putent
1215 4645 1292 4727 quie
1314 4663 1379 4708 non
1402 4645 1482 4711 setis
1497 4644 1678 4728 populures,
1701 4646 1791 4711 intus
1812 4664 2026 4729 suppressum
2047 4649 2193 4714 retinent

191 4732 344 4818 spiritum
373 4741 525 4802 sanetum
558 4734 739 4802 diabolioas
767 4731 990 4817 superstitioni
1021 4730 1164 4796 voluisse
1217 4727 1302 4812 quod
1325 4739 1457 4795 norunt.
1489 4730 1586 4796 Tales
1607 4731 1669 4797 sibi
1692 4729 1744 4816 (ut
1766 4730 1871 4817 aiunt)
1893 4740 1927 4798 et
1948 4734 2050 4799 musis
2072 4752 2192 4801 uenere

192 4836 372 4902 oouurrers,
405 4840 490 4904 quee
521 4831 634 4905 postea
665 4819 818 4905 obrepsit.
872 4816 922 4882 Ae
954 4816 984 4881 si
1017 4815 1164 4896 dixisset,
1216 4815 1318 4882 deest.
1361 4814 1429 4897 Qui
1460 4816 1572 4899 populi
1594 4816 1730 4901 regendi
1759 4834 1872 4884 euram
1901 4817 2034 4903 hebent,
2064 4818 2106 4884 ed
2137 4818 2192 4886 do·

192 4905 273 4971 adse
295 4925 362 4972 nen
383 4907 546 4993 eogendos
566 4907 608 4973 sd
629 4906 824 4975 eoelibatnm
838 4903 1016 4987 episeopus,
1038 4912 1077 4967 ut
1097 4920 1163 4966 me·
1216 4900 1353 4968 eundum
1376 4902 1513 4985 appositi
1545 4902 1614 4967 sint
1636 4908 1774 4986 oportet.
1818 4903 1934 4987 Neque
1955 4923 2036 4971 vero
2057 4905 2191 4990 linques

190 4993 279 5056 xime
300 4991 373 5075 pios
395 4992 509 5060 deeset
537 4992 736 5078 coniugium.
780 4990 855 5056 Hoe
884 4989 978 5053 modo
1006 5007 1072 5055 nen
1096 4989 1165 5053 exi·
1217 4993 1349 5052 tentum
1382 4987 1574 5053 volubilitas
1605 4988 1661 5055 hio
1690 4989 1883 5072 requiritur:
1914 5009 1991 5056 nem
2020 4991 2193 5075 plerosque

189 5089 284 5161 geret
306 5076 348 5143 eb
364 5077 431 5145 illis
452 5088 608 5165 tunquam
623 5099 694 5146 rem
716 5075 942 5158 neeesseriam,
964 5073 1020 5140 sed
1037 5080 1164 5138 tentum
1216 5072 1366 5138 videmus
1388 5072 1534 5150 disertos,
1563 5094 1700 5156 quornm
1726 5083 1878 5158 prompta
1906 5076 2087 5160 loquaoites
2107 5077 2192 5142 nihil

188 5162 342 5231 laudaret
367 5183 526 5251 tunquam
549 5165 589 5232 eb
618 5165 717 5232 otdoii
743 5163 903 5251 dignitate
931 5160 1065 5224 minime
1086 5158 1164 5227 elie·
1216 5154 1314 5226 hebet
1340 5159 1590 5226 aeditieetionisr
1620 5159 1677 5225 sod
1706 5161 1816 5246 potius
1845 5163 2091 5229 sommendatur
2111 5180 2192 5247 prn-

186 5268 281 5318 nem.
324 5248 516 5338 Simplicius
548 5265 659 5318 tamen
687 5259 737 5319 est
764 5270 802 5320 ee
829 5247 958 5313 firmius
986 5245 1071 5330 qnod
1101 5246 1164 5311 iem
1217 5245 1338 5327 dentis,
1366 5256 1405 5312 ut
1426 5246 1507 5313 soite
1528 5245 1568 5310 ad
1591 5266 1688 5312 nsum
1711 5247 1822 5334 populi
1844 5248 2106 5318 aooommedetur
2127 5246 2193 5315 Dei
