4740 6016
180 361 246 427 147
858 357 1003 426 EPIS'P.
1027 357 1170 425 PAULI
1192 356 1258 422 AD
1282 353 1513 423 EPHESIOS
2126 351 2191 418 148

181 557 353 624 Christum
374 557 510 639 opponit
524 553 660 620 iudaicis
681 553 830 620 omnibus
848 553 1015 638 symbolis,
1038 554 1158 637 quibus
1209 553 1415 619 sanctitatem
1438 551 1532 615 electi
1559 560 1647 617 sunt.
1692 550 1800 617 Causa
1827 562 1914 617 certe
1942 570 2008 616 nou
2037 560 2087 617 est
2112 572 2188 635 pos·

179 641 309 709 inclusa
330 644 393 707 luit
416 640 598 707 benedictio
618 640 678 705 sub
700 639 782 723 lege.
819 640 904 705 Nam
922 640 976 706 ubi
994 639 1158 717 Christus,
1211 639 1311 704 terior
1332 658 1391 703 suo
1418 637 1547 703 effectu.
1591 636 1683 721 Ergo
1712 635 1870 702 electius
1899 638 2022 702 iustitia
2049 657 2185 720 operum

178 728 248 793 illio
270 747 472 811 supervacua
494 737 572 792 sunt
594 748 632 791 ea
654 728 774 790 omnia.
1209 742 1276 788 non
1300 722 1430 805 pendet,
1459 723 1552 789 cuius
1581 722 1685 805 ipsam
1711 742 1782 788 esse
1810 743 1940 788 causam
1969 731 2109 789 testatur
2132 722 2186 790 hic

268 813 297 878 4.
324 812 588 895 Quemadmodum
610 831 666 877 aas
684 811 784 894 elegit.
828 810 894 877 Hic
911 811 1157 876 fundamentum
1209 809 1343 875 Paulus.
1393 808 1569 874 Praeterea
1597 807 1659 872 hoc
1687 808 1832 873 membro
1861 808 2025 894 significat
2053 809 2186 877 electio·

181 907 215 965 ει
241 901 382 981 primam
415 918 545 965 causam
580 908 647 961 tam
683 897 862 963 vocationis
895 906 1026 961 nostrae
1058 917 1157 979 quam
1211 915 1286 959 nem
1327 915 1393 959 nou
1433 894 1509 959 dare
1549 893 1700 960 licentiae
1738 894 1937 960 occasionem
1982 895 2185 962 haminibus:

182 985 339 1051 bonorum
363 983 519 1061 amnium,
557 1003 638 1065 quae
675 1004 695 1047 a
728 982 799 1047 Deo
836 982 1046 1064 percipimus,
1083 982 1158 1046 fauit
1209 979 1481 1063 quemadmodum
1504 981 1595 1062 impii
1623 978 1861 1063 blasphemant,
1890 980 2043 1046 vivamus
2070 1002 2186 1048 secure

181 1079 348 1135 aeternam
370 1071 440 1135 eius
461 1068 663 1134 electionem.
709 1067 798 1152 Ergo
821 1068 848 1130 si
871 1086 970 1132 causa
992 1069 1158 1149 quaeritur
1209 1075 1245 1130 ut
1268 1066 1418 1131 libuerit:
1442 1087 1516 1130 nam
1540 1065 1739 1148 impossibile
1761 1076 1812 1130 est
1835 1087 1892 1129 nos
1915 1067 2021 1148 perire
2042 1066 2069 1132 si
2088 1067 2184 1134 electi

180 1176 242 1222 cur
257 1177 315 1221 nos
332 1156 367 1219 in
383 1153 557 1236 Evangelii
573 1153 856 1238 participationem
872 1153 1041 1218 vocaverit
1056 1155 1157 1234 Deus,
1208 1173 1333 1217 sumus.
1378 1152 1501 1216 Paulus
1524 1163 1632 1217 autem
1656 1150 1820 1230 reclamat,
1847 1171 2017 1234 perperam
2039 1155 2184 1236 separari

181 1262 240 1307 cur
269 1246 319 1305 tat
342 1239 507 1305 benefieiis
537 1238 680 1321 quotidie
702 1259 762 1304 nos
789 1238 953 1321 dignetur,
981 1260 1039 1304 our
1064 1238 1156 1303 nobis
1209 1237 1295 1302 ritae
1325 1239 1534 1303 sanctitatem
1557 1242 1704 1320 agretia
1733 1236 1919 1303 electionis:
1951 1239 2027 1320 quia
2053 1237 2183 1305 eosdem

180 1326 306 1394 coelum
341 1326 478 1408 aperiat:
513 1345 643 1407 semper
676 1324 878 1390 redeundum
913 1335 962 1389 est
995 1323 1035 1388 ad
1069 1324 1154 1389 istud
1209 1334 1301 1388 vocat
1323 1324 1414 1389 Deus
1443 1332 1476 1386 et
1499 1323 1653 1389 iustificat
1675 1343 1756 1405 quos
1785 1324 1893 1409 elegit.
1949 1323 2046 1403 Quod
2073 1335 2183 1390 autem

180 1412 385 1496 principium,
419 1411 496 1492 quia
527 1411 650 1476 scilicet
684 1421 857 1492 antequam
892 1410 1032 1474 muudus
1061 1419 1156 1493 esset,
1208 1407 1284 1472 olim
1301 1406 1448 1490 Cathari,
1471 1406 1648 1474 Caelestini
1671 1419 1705 1473 at
1720 1409 1913 1474 Donatistae
1935 1429 1977 1473 ex
1999 1409 2052 1474 his
2075 1411 2183 1476 verbis

180 1518 241 1564 nos
263 1498 372 1583 elegit.
413 1496 517 1561 Porro
538 1516 578 1561 ex
601 1496 673 1580 ipso
695 1502 842 1579 tempore
856 1493 1073 1579 colligendum
1096 1506 1156 1573 est,
1208 1494 1401 1572 inferebant,
1436 1514 1529 1576 posse
1559 1513 1619 1559 nos
1646 1494 1679 1558 in
1713 1493 1775 1559 hae
1807 1495 1876 1561 vita
1910 1495 2069 1577 perfectos
2101 1517 2184 1577 esse,

179 1583 357 1668 gratuitam
380 1601 452 1647 esse
474 1583 675 1648 electionem.
713 1581 798 1646 Nam
821 1601 904 1663 quae
920 1581 1024 1663 potuit
1046 1592 1157 1646 nostra
1208 1578 1293 1644 nihil
1312 1578 1409 1645 habet
1424 1579 1586 1662 ponderis.
1624 1579 1716 1645 Haeo
1731 1581 1818 1645 anim
1841 1590 2004 1657 estmeta,
2027 1581 2181 1663 adquam

180 1688 253 1734 ease
271 1668 425 1753 dignitas,
442 1676 499 1732 aut
510 1667 672 1750 quoduam
685 1668 810 1732 exstitit
824 1675 975 1732 nostrum
991 1667 1156 1746 meritum,
1208 1677 1277 1731 tato
1298 1666 1386 1730 vitae
1408 1665 1568 1731 curriculo
1590 1665 1826 1731 contendimus.
1870 1666 1987 1749 Itaque
2012 1687 2183 1750 nunquam

182 1761 357 1837 antequam
390 1752 533 1819 mundus
567 1758 653 1818 esset
686 1751 857 1818 conditus?
904 1751 1036 1817 Puerile
1068 1753 1155 1817 enim
1209 1752 1249 1815 ad
1283 1771 1355 1816 eam
1390 1752 1620 1835 pertingemus,
1654 1751 1717 1816 uisi
1749 1753 1896 1819 conlemo
1926 1761 2036 1818 nostro
2067 1753 2184 1820 stadio.

182 1850 232 1906 est
253 1838 408 1906 cavillum
431 1838 511 1904 illud
535 1837 756 1920 sophisticum,
780 1859 844 1903 non
866 1837 938 1903 ideo
961 1858 1020 1903 nos
1038 1837 1157 1903 electos
1208 1836 1273 1903 Ubi
1296 1847 1373 1902 sunt
1395 1837 1452 1920 qui
1475 1835 1779 1919 praedestinationis
1795 1837 1972 1904 doctrinam
1996 1839 2183 1907 horrentao

182 1945 253 1991 esse
275 1926 352 2008 quia
380 1926 444 1989 iam
466 1945 612 1990 essemus
641 1924 742 2008 digni,
770 1923 828 1989 sed
851 1924 927 2006 quia
950 1924 1067 2008 diguus
1089 1925 1157 1989 iore
1208 1924 1348 2005 lugiunt,
1378 1934 1535 2005 tanquam
1561 1924 1818 1989 inextricabilem
1846 1923 2087 2009 labyrinthum:
2116 1926 2185 1991 imo

181 2011 274 2076 Deus
301 2010 522 2093 praevidebat.
572 2009 697 2075 Perditi
725 2010 813 2075 enim
840 2029 953 2074 omnes
982 2030 1095 2075 sumus
1122 2010 1155 2074 in
1209 2010 1264 2090 qui
1286 2029 1351 2073 nou
1381 2009 1476 2074 moda
1505 2008 1664 2089 inutilem,
1694 2009 1750 2074 sed
1781 2030 1880 2092 prope
1909 2011 2040 2075 noxiam
2068 2011 2182 2077 existi·

182 2095 299 2162 Adam.
344 2096 457 2178 Itaque
480 2096 543 2160 nisi
566 2096 724 2161 electione
745 2114 806 2160 sua
827 2094 969 2160 redimat
991 2116 1050 2160 uos
1065 2095 1157 2160 Deus
1210 2093 1325 2159 mant?
1362 2095 1464 2177 Atqui
1488 2093 1643 2159 nullaest
1665 2116 1740 2178 pars
1755 2093 1920 2160 doctrinae
1942 2097 2060 2161 utilior:
2085 2097 2184 2164 moda

182 2183 223 2248 ab
246 2183 390 2257 interitu,
423 2182 505 2245 nihil
534 2181 621 2246 aliud
645 2178 857 2264 praevidebit
903 2181 1027 2246 Eodem
1058 2202 1155 2264 argu·
1209 2181 1271 2245 rite
1294 2195 1328 2245 ει
1356 2181 1462 2247 sobrie
1484 2190 1651 2256 tractetur,
1678 2201 1796 2263 nempe
1821 2181 1960 2264 qualiter
1983 2183 2037 2247 bic
2062 2188 2182 2250 tracta·

182 2277 295 2334 mento
329 2269 431 2332 utitur
459 2268 500 2330 ad
530 2267 697 2331 Romanam
725 2267 831 2348 capite
852 2265 882 2347 9,
907 2268 958 2349 11,
991 2268 1031 2333 de
1060 2267 1157 2333 Iacob
1210 2276 1264 2331 tur
1286 2287 1305 2331 a
1327 2267 1440 2345 Paulo,
1469 2265 1546 2330 dum
1576 2267 1609 2331 in
1633 2286 1672 2331 ea
1693 2267 1888 2332 immensam
1910 2267 1973 2332 Dei
2004 2269 2182 2335 bonitatem

182 2362 215 2418 et
248 2354 336 2418 Esau
369 2353 513 2435 loquens.
565 2352 760 2435 Priusquam
783 2353 852 2417 nati
884 2363 1003 2429 essent,
1040 2354 1156 2437 inquit,
1209 2351 1477 2417 considerandam
1501 2353 1595 2416 nobis
1618 2353 1781 2435 proponit,
1807 2362 1840 2417 et
1862 2354 1904 2418 ad
1925 2355 2105 2438 gratiarum
2127 2374 2182 2422 ac·

182 2448 239 2504 aut
261 2438 383 2522 aliquid
407 2439 484 2506 boni
506 2446 565 2502 aut
586 2438 665 2501 mali
691 2439 845 2522 egissent.
890 2439 1066 2521 Exciperet
1088 2459 1155 2504 sor·
1209 2439 1330 2503 tionem
1353 2439 1475 2504 incitat.
1515 2438 1580 2503 Hic
1602 2440 1688 2502 enirn
1712 2459 1811 2503 verus
1833 2438 1906 2504 fons
1928 2447 1978 2504 est
1993 2442 2078 2505 unde
2101 2440 2183 2506 hau·

183 2524 315 2590 bonicus
346 2524 463 2606 aliquis
485 2523 643 2606 sophista,
673 2537 804 2591 acturas
827 2525 937 2600 fuisse,
968 2524 1063 2608 idque
1085 2525 1157 2589 Deo
1210 2524 1324 2589 rianda
1346 2535 1396 2590 est
1418 2524 1548 2589 divinae
1564 2524 1805 2590 misericordiae
1826 2525 1987 2609 cognitio:
2005 2529 2081 2609 quia
2096 2527 2183 2593 utin

182 2610 283 2675 luisse
316 2612 571 2693 praecognitum.
618 2609 721 2692 Atqui
753 2610 874 2675 frustra
905 2609 966 2674 hoe
995 2611 1158 2695 excipitur
1209 2611 1282 2675 aliis
1312 2610 1463 2675 omnibus
1497 2611 1756 2694 tergiversantur
1785 2611 1943 2693 homines,
1977 2612 2090 2678 electio
2116 2612 2184 2680 illis

183 2694 224 2759 de
246 2695 435 2760 hominibus
456 2708 575 2761 natura
589 2694 762 2777 corruptis,
784 2697 820 2759 in
836 2696 953 2777 quibus
968 2696 1050 2761 nibil
1066 2697 1157 2762 carni
1209 2718 1245 2760 os
1267 2696 1416 2775 obstruit,
1440 2696 1575 2778 nequid
1597 2696 1658 2761 sibi
1681 2716 1833 2779 arrogare
1851 2697 1959 2761 ausint
1982 2698 2033 2762 vel
2052 2707 2185 2780 queant.

182 2786 292 2863 potest
314 2781 378 2866 uisi,
397 2781 488 2846 exitii
517 2782 663 2846 materia.
708 2780 862 2847 Secundo
891 2784 1061 2848 confirmat
1082 2802 1157 2866 gra·
1211 2780 1276 2847 Sed
1300 2784 1546 2847 meminerimus
1567 2801 1720 2863 quorsum
1746 2782 1799 2845 hia
1821 2780 1860 2846 de
1886 2783 2183 2865 praedestinatione

183 2866 299 2930 tuitam
330 2886 400 2931 esse
425 2866 618 2932 electionem
648 2887 748 2950 quum
779 2867 869 2932 addit
898 2869 937 2932 in
975 2867 1157 2934 Christo.
1209 2868 1334 2932 Paulus
1363 2868 1516 2950 disputet,
1549 2887 1590 2933 ne
1618 2867 1698 2931 alios
1731 2869 1812 2933 tinea
1841 2869 1874 2932 in
1908 2867 2185 2951 disputationibus

183 2950 269 3016 Nam
285 2951 313 3015 si
336 2953 369 3015 in
385 2951 519 3030 Christo
540 2972 655 3018 sumus
670 2953 773 3030 electi,
795 2974 873 3036 ergo
890 2964 983 3018 extra
998 2973 1072 3019 nos:
1095 2954 1157 3018 hoc
1210 2955 1330 3018 nastris
1352 2954 1537 3036 spectando,
1560 2952 1740 3036 periculose
1762 2974 1920 3019 erremus.

182 3047 244 3120 est,
277 3057 344 3101 non
376 3038 498 3103 intuitu
531 3038 704 3122 dignitatis
737 3050 877 3116 nostrae,
912 3039 967 3104 sed
1003 3041 1157 3122 quoniam
1297 3040 1339 3104 In
1370 3044 1530 3120 eonepeda
1557 3059 1614 3104 sao
1643 3059 1704 3120 per
1735 3043 1903 3105 caritatem.
1948 3039 2115 3107 Sanctitas
2146 3042 2183 3108 in

182 3121 369 3205 adoptionis
397 3123 554 3190 beneficia
582 3124 733 3189 coelestis
755 3130 848 3207 pater
877 3147 939 3191 nos
962 3126 1101 3191 inseruit
1123 3126 1157 3190 in
1210 3138 1386 3208 conspectu
1404 3125 1466 3188 Dei
1489 3134 1539 3190 est
1562 3145 1662 3206 purae
1685 3127 1916 3190 conscientiae:
1940 3128 2102 3208 quianon
2126 3128 2183 3195 de·

183 3206 309 3274 Christi
330 3230 458 3294 corpus.
512 3210 662 3293 Denique
684 3208 808 3275 Christi
831 3231 950 3275 nomen
973 3232 1069 3277 omns
1091 3234 1158 3276 me·
1210 3212 1331 3293 cipitur
1352 3223 1488 3275 externo
1511 3214 1583 3275 luco
1604 3224 1640 3273 ut
1663 3211 1818 3291 homines,
1844 3212 1900 3276 sed
1924 3212 2020 3277 fidem
2039 3214 2185 3298 respicit,

183 3295 281 3359 ritum
305 3295 450 3361 excludit
477 3306 510 3361 et
543 3296 700 3380 quidquid
723 3317 765 3360 ex
795 3317 830 3361 se
853 3295 976 3361 habent
997 3296 1156 3361 homines.
1210 3298 1345 3362 honest
1373 3296 1680 3364 cordisveritatem.
1725 3296 1918 3363 Dilectiouis
1948 3318 2068 3364 nomen
2091 3301 2118 3365 si
2141 3301 2183 3366 ad

182 3380 266 3444 Nam
291 3401 333 3443 ex
355 3401 420 3463 quo
442 3380 520 3447 dicit
547 3401 607 3446 nos
630 3383 665 3445 in
686 3380 817 3447 Christo
840 3382 970 3461 electos,
998 3383 1155 3465 seqnitur,
1210 3384 1317 3447 Deum
1341 3385 1471 3461 referas,
1493 3402 1607 3446 sensus
1629 3383 1700 3462 erit,
1731 3384 1839 3448 Deum
1861 3384 1929 3448 solo
1959 3404 2036 3467 erga
2067 3384 2184 3452 huma·

181 3464 334 3550 indignos
355 3467 455 3532 luisse
477 3469 511 3532 in
533 3466 636 3532 nobis.
1209 3490 1288 3532 num
1313 3489 1418 3552 genus
1440 3488 1550 3532 amors
1576 3469 1674 3532 luisse
1696 3469 1864 3533 inductum
1896 3480 1932 3533 ut
1954 3490 2012 3533 uos
2034 3470 2185 3554 eligeret.

275 3551 316 3618 Ut
336 3553 438 3617 umas
457 3553 568 3618 sandi.
612 3552 731 3618 Finem
759 3554 945 3638 proximum
970 3563 1071 3632 notat,
1099 3553 1155 3617 sed
1209 3554 1294 3619 Mihi
1326 3566 1436 3619 tamen
1466 3555 1571 3637 magis
1605 3553 1711 3636 placet
1739 3574 1812 3618 cum
1843 3555 2070 3638 propinquiore
2102 3577 2183 3623 con-

183 3655 249 3701 non
269 3639 490 3721 praecipuum.
535 3638 650 3720 Neque
672 3641 758 3704 enim
782 3639 959 3705 absurdum
982 3654 1041 3722 est,
1070 3641 1155 3704 eius·
1208 3641 1311 3723 iungi,
1338 3647 1377 3704 ut
1398 3640 1529 3704 denotet
1559 3639 1787 3722 perfectionem
1812 3641 1958 3704 fidelium
1981 3642 2016 3706 iu
2046 3645 2185 3710 caritate

183 3722 257 3787 dem
281 3725 327 3789 rei
349 3723 512 3807 duplicem
534 3744 606 3790 esse
622 3726 731 3790 tinem.
768 3724 1053 3805 Quemadmodum
1069 3723 1155 3789 aedi·
1208 3728 1304 3792 sitam
1322 3746 1408 3791 esse:
1433 3747 1498 3790 non
1517 3727 1592 3807 quia
1607 3725 1698 3789 Deus
1720 3727 1864 3808 requirat
1880 3727 1981 3791 solam
2000 3729 2184 3805 caritatem,

183 3808 302 3873 licendi
324 3811 399 3875 finis
421 3822 480 3893 est,
509 3820 545 3876 ut
567 3810 609 3876 sit
633 3810 761 3876 domus:
794 3812 871 3876 finis
892 3815 1002 3874 tamen
1029 3811 1084 3876 ille
1107 3823 1157 3876 εει
1208 3813 1264 3877 sed
1299 3813 1374 3893 quia
1403 3810 1549 3894 probatio
1582 3813 1624 3875 sit
1658 3812 1781 3876 timoris
1811 3812 1874 3876 Dei
1906 3824 1939 3877 et
1980 3813 2186 3880 obedientiae

184 3895 363 3973 proximus.
408 3896 552 3962 Ultimus
587 3907 695 3961 autem
729 3901 780 3960 ost
814 3895 983 3961 habitandi
1015 3917 1156 3962 commo·
1208 3918 1286 3982 erga
1307 3906 1410 3962 totam
1432 3898 1549 3980 legam.

186 3978 280 4045 ditas.
324 3980 397 4045 Hoc
419 3982 491 4047 ideo
512 3983 575 4047 fuit
597 3983 701 4047 obiter
723 3982 961 4065 attingendum,
983 3985 1059 4065 quia
1076 3981 1158 4047 Pau·
1293 3983 1325 4048 5.
1358 3983 1419 4064 Qui
1433 3982 1690 4064 praedestinavit.
1735 3983 1828 4063 Quae
1854 3993 2046 4065 sequuntur,
2073 3983 2185 4054 adhuc

184 4062 236 4130 lus
251 4068 362 4132 statim
379 4067 516 4132 alterum
534 4069 631 4132 finem
647 4079 756 4150 ponet,
772 4067 910 4151 gloriam
926 4068 998 4133 Dei.
1030 4069 1156 4133 Verum
1209 4071 1313 4153 magis
1329 4068 1772 4151 augentoommeudationem
1789 4067 2064 4153 divinaegratiae.
2087 4069 2185 4137 Dixi-

185 4153 266 4216 nihil
291 4167 340 4218 εει
355 4154 610 4237 repugnantiae:
634 4151 794 4234 siquidem
810 4154 913 4236 gloria
928 4153 991 4218 Dei
1009 4175 1157 4219 summus
1209 4176 1285 4220 mus
1315 4156 1350 4218 in
1373 4176 1468 4237 quem
1495 4154 1595 4218 finem
1619 4154 1742 4218 Paulus
1770 4162 1835 4218 tam
1866 4155 1979 4222 sedulo
2007 4156 2186 4223 inculcaret

184 4249 235 4299 est
256 4240 339 4313 finis,
362 4241 414 4304 cui
437 4250 549 4303 nostra
570 4239 783 4303 sanctificatio
799 4239 1040 4305 subordinatur.
1079 4240 1158 4306 Cae·
1209 4241 1363 4323 Ephesiis
1385 4240 1565 4318 Christum,
1587 4241 1764 4322 gratuitam
1788 4241 1821 4304 in
1845 4262 1881 4304 eo
1904 4242 2122 4324 adoptionem,
2150 4254 2186 4309 et

185 4334 291 4387 terum
312 4324 389 4388 hinc
409 4324 562 4408 colligere
580 4325 665 4403 licet,
687 4325 905 4401 sanctitatem,
928 4325 1159 4405 innocentiam,
1211 4344 1377 4392 aeternam
1401 4326 1592 4392 electionem
1620 4346 1702 4409 quae
1725 4327 1908 4408 praecessit.
1953 4327 2080 4393 Verum
2108 4331 2185 4411 quia

185 4421 217 4470 et
240 4409 398 4491 quidquid
422 4412 555 4475 virtutis
578 4420 629 4475 est
650 4411 683 4475 in
703 4410 899 4487 hominibus,
923 4413 1063 4477 fructum
1087 4433 1157 4476 esse
1211 4412 1321 4477 nullus
1343 4423 1393 4476 est
1422 4411 1511 4478 loeus
1534 4413 1568 4475 in
1599 4432 1662 4493 quo
1687 4413 1948 4494 magnificentius
1978 4412 2187 4496 praedicetur

185 4493 362 4561 electionis.
407 4495 523 4578 Itaque
552 4498 739 4580 expressius
765 4498 944 4562 etiamnum
976 4497 1036 4561 bac
1059 4499 1158 4580 parti·
1212 4499 1274 4563 Dei
1298 4498 1526 4573 misericordia,
1551 4498 1670 4581 dignus
1692 4510 1740 4563 est
1763 4518 1858 4579 quem
1883 4500 1917 4562 iu
1940 4501 2054 4581 primis
2076 4500 2186 4565 obser·

185 4581 257 4646 aula
280 4583 401 4647 evertit
423 4582 547 4648 Paulus
568 4604 696 4648 omnem
721 4583 830 4647 meriti
857 4582 1158 4648 considerationem.
1212 4605 1334 4649 remus.
1376 4583 1417 4647 In
1437 4583 1498 4649 hoc
1519 4583 1667 4648 membro
1689 4594 1756 4648 tres
1778 4584 1894 4649 salutis
1917 4596 2047 4650 nostrae
2068 4604 2187 4652 causas

185 4668 270 4733 Nam
300 4671 329 4734 si
358 4670 434 4752 quid
468 4669 673 4751 praevideret
700 4671 733 4733 in
762 4667 857 4733 nobis
884 4667 975 4732 Deus
1004 4668 1160 4734 electione
1211 4669 1382 4752 exprimit:
1420 4679 1570 4752 quartam
1605 4670 1701 4750 paulo
1738 4680 1811 4751 post
1843 4671 2021 4737 subnectat.
2076 4670 2186 4736 Causa

185 4755 331 4837 dignum,
361 4756 495 4819 omnino
522 4755 722 4820 contrarium
746 4774 841 4836 quam
873 4752 924 4819 hio
952 4754 1080 4837 legitur,
1110 4753 1158 4817 di·
1211 4756 1355 4820 efficiens
1376 4767 1428 4819 est
1443 4755 1680 4838 beneplacitum
1703 4758 1884 4822 voluntatis
1899 4757 1977 4821 Dei:
2000 4776 2100 4822 causa
2118 4777 2186 4822 ma·

183 4840 326 4905 cendum
366 4841 437 4904 luit.
489 4841 621 4906 Etenim
653 4840 830 4923 signifieat,
863 4848 969 4904 totum
1000 4840 1033 4904 id
1074 4839 1160 4922 quod
1211 4841 1336 4905 terialis
1369 4851 1420 4906 ast
1452 4841 1617 4905 Christus:
1655 4861 1751 4906 causa
1784 4843 1906 4924 finalis,
1943 4843 2015 4907 laus
2047 4843 2183 4925 gratias.

184 4937 299 4991 sancte
321 4939 354 4989 et
371 4928 561 4992 innocenter
583 4927 735 5004 vivimus,
762 4945 803 4990 ex
826 4925 983 4992 electione
1005 4926 1067 4991 Dei
1091 4946 1158 4989 ma·
1210 4926 1307 4991 Nune
1330 4927 1497 4991 videamus
1527 4927 1606 5009 quid
1629 4927 1668 4992 de
1691 4947 1882 5011 unaquaque
1904 4929 2001 4994 dieat.
2044 4927 2097 4994 Ad
2120 4930 2189 5012 pri·

187 5031 274 5076 nare.
320 5010 417 5077 Unde
439 5013 539 5095 igitur
564 5014 602 5077 lit
623 5022 660 5078 ut
682 5013 738 5077 alii
768 5013 820 5094 pie
842 5012 957 5077 vivant
987 5013 1020 5076 in
1044 5013 1160 5076 timore
1212 5033 1297 5076 mam
1322 5013 1463 5095 pertinet
1493 5012 1553 5078 hoa
1583 5022 1687 5077 totum
1715 5014 1937 5097 complexum:
1967 5012 2059 5080 Deus
2087 5014 2125 5078 iu
2150 5032 2187 5079 ee

185 5097 332 5177 Domini,
361 5096 416 5162 alii
447 5117 559 5162 secure
588 5120 623 5163 ss
652 5099 850 5182 prostituant
876 5097 917 5162 ad
945 5117 1075 5162 omnem
1103 5117 1160 5162 ne·
1213 5098 1283 5181 ipso
1312 5097 1490 5163 seeundum
1516 5097 1753 5179 beneplacitum
1785 5100 1965 5166 voluntatis
1991 5120 2069 5165 suae
2091 5119 2188 5185 prae·

185 5181 347 5266 quitiam?
385 5182 482 5250 Certe
504 5183 532 5247 si
549 5183 651 5248 Paulo
673 5183 754 5250 fidas
778 5184 927 5261 habetur,
950 5204 1017 5247 non
1032 5183 1096 5248 alia
1111 5193 1163 5248 est
1213 5184 1389 5249 destinavit
1411 5205 1470 5248 nos
1492 5183 1527 5246 iu
1550 5183 1757 5267 adoptionem
1787 5196 1821 5251 et
1842 5196 1952 5271 gratos
1980 5184 2093 5250 habuit
2125 5207 2187 5253 sua

185 5271 378 5350 caesariei
401 5267 486 5352 quod
510 5267 544 5331 hi
567 5269 734 5352 ingenium
757 5269 1161 5352 suumretinent,illiad
1213 5271 1327 5354 gratia.
1378 5268 1419 5334 In
1453 5270 1551 5336 verbo
1584 5270 1846 5352 praedestinandi
1877 5274 1995 5338 iterum
2024 5272 2103 5337 ordo
2130 5292 2190 5338 no-
