4740 6016
180 385 243 453 153
1081 384 1233 453 CAPUT
1255 386 1282 452 I.
2118 383 2182 452 154

178 582 260 648 tiam
283 579 482 646 insolutam
505 578 724 647 credentibus.
770 579 974 663 Quamquam
1004 579 1058 644 hio
1081 579 1157 663 plus
1210 581 1314 646 utitur
1343 583 1378 646 in
1405 580 1546 646 secunda
1576 581 1616 645 ad
1640 579 1839 658 Corinthios,
1872 580 1978 662 primo
2008 589 2041 646 et
2069 580 2182 663 quinto

178 666 347 751 exprimit.
392 664 565 750 Significat
586 667 674 730 enim
697 667 921 749 experimento
944 666 1004 731 hon
1027 685 1157 748 percep
1210 668 1326 751 capite.
1372 666 1561 734 Similitudo
1589 676 1720 749 sumpta
1748 678 1797 731 est
1822 685 1842 728 a
1870 664 2098 744 contractibus,
2128 666 2183 748 qui

181 768 251 818 tum
278 752 381 818 fuisse
407 754 447 818 ab
470 751 633 835 Ephesiis,
667 754 744 835 quia
777 752 892 817 salutis
925 751 1002 816 facti
1036 753 1157 816 luerint
1210 754 1309 817 arrha
1337 755 1414 818 data
1445 753 1491 818 sin
1521 753 1732 817 stabiliuntur
1761 764 1797 816 ut
1832 773 1895 816 non
1926 752 2065 835 amplius
2091 752 2182 816 locus

180 844 355 922 compotes.
410 838 525 903 Miseri
555 839 656 922 igitur
682 839 735 920 qui
770 858 828 920 per
857 836 976 901 multas
1004 837 1157 920 ambages
1210 839 1252 903 sit
1279 840 1506 920 poenitentias.
1550 838 1611 916 Ita,
1643 846 1775 920 accepto
1797 837 1861 902 Dei
1890 839 2017 920 spiritu,
2052 839 2186 920 promis·

181 924 335 1008 vagando
356 945 393 992 se
412 924 562 1007 fatigant,
584 923 677 988 sicuti
697 925 834 989 mundus
855 943 893 987 aa
920 943 1035 1007 mopso
1062 927 1158 1003 porte
1211 925 1319 989 siones
1341 924 1405 989 Dei
1437 935 1526 989 ratas
1549 923 1716 1001 habemus,
1746 942 1806 987 nec
1831 924 1983 989 timemus
2003 923 2185 1006 periculum

182 1010 339 1095 mercolio
366 1008 545 1092 posthabito
576 1029 609 1074 se
641 1010 784 1074 erraticis
816 1011 991 1074 commentis
1022 1008 1155 1074 derat.
1210 1011 1460 1075 retractationis.
1505 1010 1579 1074 Non
1609 1010 1684 1090 quia
1706 1009 1769 1073 Dei
1801 1009 2033 1091 promissiones
2060 1029 2119 1092 per
2149 1028 2184 1074 se

183 1096 270 1178 Quia
292 1096 348 1161 diu
371 1095 535 1178 discendo,
565 1115 733 1178 nunquam
756 1094 797 1158 ad
819 1095 987 1160 seientiam
1010 1095 1158 1160 veritatis
1212 1096 1360 1160 infirmae
1382 1097 1465 1160 sint:
1488 1095 1545 1161 sed
1567 1096 1642 1177 quia
1664 1095 1727 1159 nisi
1750 1095 1884 1177 spiritus
1907 1096 2094 1160 testimonio
2116 1094 2183 1160 sul·

181 1183 389 1265 pervenient,
416 1201 478 1246 neo
498 1183 600 1245 vitam
629 1182 800 1263 reperient.
844 1179 938 1244 Beati
966 1192 1078 1244 autem
1102 1181 1156 1262 qui
1212 1181 1296 1261 fulti,
1328 1201 1493 1264 nunquam
1524 1183 1558 1244 in
1591 1181 1658 1246 illis
1690 1201 1804 1246 secure
1836 1182 2078 1262 acquiescimus.
2123 1181 2186 1245 Est

180 1267 390 1352 evangelium
407 1266 558 1349 amplexi,
576 1266 612 1330 in
628 1287 665 1330 eo
683 1277 870 1331 constanter
885 1273 1037 1331 manent:
1056 1286 1156 1348 quum
1212 1267 1313 1350 igitur
1341 1268 1474 1349 spiritus
1505 1268 1597 1332 nobis
1629 1266 1770 1331 arrhabo
1804 1265 2013 1332 haereditetis
2047 1277 2186 1344 nostrae,

180 1353 316 1418 indubie
338 1355 381 1419 sit
402 1356 524 1417 veritas
546 1361 579 1415 et
601 1352 679 1416 vita.
1213 1352 1273 1417 hoo
1296 1361 1346 1418 est
1375 1353 1461 1416 vitae
1491 1362 1643 1417 aeternae
1665 1354 1700 1416 in
1730 1352 2000 1434 redemptionem:
2035 1353 2097 1417 hoc
2126 1361 2186 1431 est,

271 1439 321 1505 13.
342 1439 386 1504 Irr
407 1458 467 1520 quo
483 1439 576 1503 etiam
593 1443 760 1520 posteriora
776 1436 964 1503 credidistis.
1002 1436 1157 1501 Probatio
1213 1458 1378 1520 quousque
1401 1439 1512 1502 veniat
1540 1438 1609 1503 dies
1632 1439 1747 1520 plenae
1777 1438 2018 1521 redemptionis.
2063 1437 2185 1516 Quam-

182 1525 275 1590 illius
303 1524 510 1592 certitudinis
536 1543 632 1606 quem
664 1522 833 1606 evangelio
862 1526 1029 1588 tribuerat.
1084 1522 1158 1601 Quo
1214 1525 1268 1587 diu
1291 1525 1379 1588 enim
1402 1545 1515 1589 sumus
1533 1524 1568 1586 in
1592 1524 1724 1605 mundo,
1746 1525 1822 1606 qnia
1841 1524 1901 1587 suh
1923 1544 1980 1605 spe
1999 1523 2187 1600 militamus,

183 1613 273 1676 onim
292 1611 399 1693 magis
416 1611 533 1674 idoneo
549 1628 702 1692 sponsore
721 1610 906 1673 confirmari
933 1616 1039 1691 potest
1061 1627 1158 1691 quam
1212 1629 1295 1691 opus
1318 1610 1475 1675 hebemus
1497 1610 1558 1676 hac
1581 1610 1696 1674 arrha:
1728 1610 1782 1675 nbi
1805 1609 2096 1691 autem‘possessio
2118 1609 2188 1690 ipsa

182 1696 300 1779 spiritu
326 1693 462 1761 sancto?
519 1695 661 1759 Perinde
681 1716 759 1777 ergo
782 1694 868 1758 valet
892 1696 952 1759 hoo
975 1715 1012 1759 ao
1038 1695 1066 1760 si
1088 1694 1157 1757 dix·
1212 1695 1476 1775 exhibitaiuerit,
1503 1697 1566 1759 iam
1590 1696 1729 1761 cessabit
1751 1695 1972 1760 necessitaset
1993 1715 2071 1760 usus
2094 1693 2188 1758 arrh·

182 1786 278 1847 isset:
308 1782 406 1861 Quod
429 1780 635 1864 evangelium
659 1780 847 1862 nuncupavi
869 1801 1051 1845 sermonem
1076 1779 1160 1843 veri·

182 1870 272 1945 tatis,
306 1868 339 1931 id
368 1888 436 1932 non
466 1867 608 1948 probabo
641 1867 732 1932 vobis
764 1866 932 1930 hominum
967 1866 1158 1930 autoritate:

183 1955 260 2037 quia
283 1965 430 2018 autorem
453 1952 580 2018 hahetis
603 1954 710 2034 ipsum
733 1952 796 2016 Dei
819 1953 981 2034 spiritum,
1010 1952 1067 2034 qui
1090 1952 1159 2014 eius

183 2038 280 2106 fidem
304 2039 339 2103 in
362 2038 514 2105 cordibus
537 2038 657 2103 vestris
679 2039 837 2120 obsignat.
883 2039 944 2102 Est
967 2046 1074 2102 autem
1098 2037 1160 2101 ele·

187 2145 268 2209 gene
291 2123 470 2189 similitudo
499 2145 517 2188 a
540 2122 658 2208 sigillis
680 2135 821 2206 sumpta,
851 2126 969 2208 quibus
991 2124 1079 2187 inter
1101 2122 1158 2187 ho·

184 2211 290 2276 mines
312 2210 437 2274 tollitur
459 2210 664 2292 ambiguitas.
710 2207 835 2292 Sigillis
857 2211 945 2277 enim
972 2209 1160 2273 anthentica

186 2296 369 2361 redduntur
390 2307 458 2360 tam
486 2294 662 2377 diplomata
684 2315 780 2378 quam
811 2305 1015 2361 testamenta.
1061 2294 1159 2376 Sigil-

186 2383 253 2447 lum
288 2401 418 2465 quoque
450 2380 526 2445 olim
561 2382 594 2444 in
628 2381 732 2446 literis
765 2384 938 2465 praecipua
973 2390 1051 2444 nota
1081 2391 1160 2458 erat,

186 2468 273 2532 unde
306 2478 571 2552 agnoscerentur.
627 2466 779 2549 Denique
813 2468 956 2551 sigillum
991 2479 1040 2530 est
1074 2466 1159 2548 qnod

187 2554 328 2636 genuina
350 2561 384 2616 et
406 2562 495 2616 certa
524 2552 565 2616 ab
587 2552 779 2616 adulterinis
802 2560 835 2618 et
857 2552 1072 2635 supposititiis
1095 2552 1159 2615 dis·

187 2640 298 2704 cernit.
343 2638 416 2703 Hoc
437 2639 578 2703 olfioium
598 2638 728 2720 spiritui
754 2651 866 2704 sancto
889 2640 1002 2703 tribuit
1026 2637 1160 2712 Paulus,

187 2746 248 2790 non
274 2726 327 2789 hic
350 2733 489 2806 tantum,
518 2724 574 2788 sed
596 2723 683 2788 inlra
705 2723 801 2788 etiam
826 2737 942 2807 quarto
971 2724 1089 2806 capite:
1121 2724 1161 2786 si-

186 2813 249 2876 cuti
274 2818 308 2876 et
330 2810 359 2874 2.
383 2811 495 2876 Corin.
518 2830 587 2891 cap.
612 2811 640 2887 l,
664 2810 715 2875 22.
762 2811 873 2892 Neque
896 2812 983 2875 enim
1006 2831 1045 2874 ea
1067 2808 1160 2872 nobis

187 2897 288 2960 animi
322 2895 489 2960 firmitudo
522 2907 659 2974 constet,
694 2910 730 2960 ut
765 2899 885 2962 veritas
907 2896 969 2959 Dei
1003 2895 1161 2960 adversus

186 3002 299 3047 omnes
333 2980 476 3047 Satanae
513 2981 709 3046 tentationes
744 2983 829 3064 apud
868 3004 926 3047 nos
963 2979 1160 3063 praevaleat,

187 3068 288 3132 donea
325 3068 459 3150 spiritns
496 3077 630 3131 sanctus
666 3069 699 3131 in
738 3089 776 3132 ea
816 3089 875 3133 nos
911 3069 1160 3134 confirmaverit.

187 3152 274 3218 Vera
296 3153 397 3237 igitur
419 3153 595 3235 persuasio,
625 3174 721 3235 quem
750 3154 790 3217 de
819 3155 919 3218 verbo
943 3152 1016 3227 Dei,
1049 3152 1088 3217 de
1110 3173 1160 3217 ss·

187 3238 254 3303 late
277 3259 345 3317 sne,
380 3240 420 3302 de
442 3250 510 3303 tota
531 3238 688 3322 religione
717 3239 841 3305 habent
862 3239 988 3305 fideles:
1023 3260 1088 3302 non
1111 3251 1162 3302 est

187 3346 228 3390 ex
251 3344 351 3389 sensu
374 3324 492 3401 cernis,
524 3345 588 3388 non
611 3345 652 3389 ex
674 3325 828 3390 humenis
849 3337 907 3390 aut
929 3324 1161 3407 philosophicis

187 3410 377 3489 rationibus,
400 3411 457 3475 sed
480 3432 521 3475 ex
544 3410 680 3491 spiritus
698 3411 931 3495 obsignatione,
952 3412 1007 3492 qui
1031 3411 1160 3473 illorum

188 3495 403 3561 eonscientiae
437 3498 483 3561 ita
516 3496 624 3559 reddit
656 3500 819 3576 certiores,
857 3509 894 3561 ut
927 3497 1160 3561 dubitationem

187 3600 315 3646 omnem
346 3583 480 3645 eximat.
524 3581 694 3647 Caducum
716 3584 803 3647 enim
835 3603 871 3648 ac
895 3583 1046 3646 instabile
1077 3592 1161 3646 esset

187 3668 262 3732 fidei
285 3666 545 3744 fondamentum,
568 3670 595 3732 si
619 3669 817 3733 inhumana
838 3669 998 3750 sapientia
1020 3668 1161 3733 locatum

188 3759 283 3818 esset.
335 3753 426 3836 Ergo
459 3754 556 3818 sicuti
590 3755 788 3837 praedicatio
822 3756 1079 3819 instrumentum
1113 3764 1163 3818 est

187 3839 273 3916 fidei,
307 3839 353 3902 ita
382 3840 518 3921 spiritns
545 3851 677 3906 sanctus
711 3842 787 3906 facit
820 3851 855 3904 ut
889 3839 1088 3923 praedicatio
1121 3841 1163 3903 sit

189 3924 318 3990 efficax.
385 3922 451 3990 Sed
486 3925 615 3991 videtur
648 3926 701 3991 hic
737 3927 870 4009 spiritus
903 3925 1162 4008 obsignationem

188 4009 264 4076 fidei
285 4009 460 4076 subiicere:
484 4011 568 4094 quod
592 4014 618 4076 ai
643 4033 755 4077 verum
778 4023 837 4091 eet,
859 4013 939 4077 fides
959 4012 1049 4076 illam
1072 4031 1162 4093 prae·

187 4096 284 4161 cedit.
327 4096 531 4179 Responden,
562 4097 724 4180 duplicem
754 4117 826 4163 esse
848 4099 999 4163 effectum
1026 4097 1161 4180 spiritus

188 4181 222 4245 in
244 4183 319 4261 fide,
346 4183 442 4247 sicuti
463 4183 543 4248 fides
565 4184 691 4247 duabus
719 4185 889 4266 praecipue
912 4185 1059 4268 partibus
1088 4203 1162 4247 oon·

189 4268 324 4332 tinctor.
369 4267 454 4332 Nem
478 4282 510 4333 et
531 4280 657 4334 mentes
679 4270 854 4346 illuminat,
882 4277 915 4333 et
937 4270 1061 4332 animos
1083 4290 1160 4335 con·

189 4353 308 4418 firmat.
352 4352 491 4418 Initium
513 4354 587 4420 fidei
611 4370 659 4420 est
677 4357 809 4420 notitia:
845 4355 1078 4420 consummatio
1112 4364 1162 4420 est

188 4440 256 4503 fixa
277 4447 311 4504 et
332 4441 457 4505 stabilis
480 4442 646 4522 persuasio
668 4463 750 4523 quae
772 4442 967 4506 contrariam
987 4440 1161 4506 dubitatio·

189 4545 265 4591 nem
288 4523 414 4590 nullam
437 4526 598 4591 admittet.
636 4527 821 4609 Utrumque
842 4547 924 4609 opus
946 4535 995 4591 est
1016 4526 1162 4608 spiritus,

190 4624 227 4675 nt
255 4610 333 4675 dixi.
378 4612 523 4679 Proinde
553 4635 616 4678 non
647 4614 766 4678 mirum
797 4620 846 4678 est
873 4615 900 4677 si
930 4612 1017 4679 dicat
1040 4612 1161 4677 Paulus

189 4717 255 4761 non
278 4698 383 4762 solum
413 4699 476 4762 tide
499 4699 680 4782 percepisse
703 4700 862 4781 Ephesios
891 4699 1050 4783 evangelii
1078 4699 1162 4763 veri·

1214 1801 1261 1846 ae.
1312 1780 1398 1845 Nam
1433 1801 1575 1863 eousque
1605 1782 1692 1845 valet
1729 1781 1847 1845 arrhae
1879 1779 2073 1864 symbolum,
2107 1780 2184 1844 dum

1212 1868 1341 1948 utrique
1374 1869 1577 1932 satisfactum
1611 1867 1710 1931 fuerit
1742 1866 1932 1933 contractui.
1988 1865 2066 1930 Ideo
2098 1864 2185 1928 infra

1212 1974 1282 2036 oap.
1298 1953 1328 2036 4,
1344 1952 1396 2032 30,
1419 1953 1519 2017 dicet:
1541 1953 1654 2035 Usque
1676 1954 1709 2015 in
1734 1953 1818 2016 diem
1842 1951 2080 2034 redemptionis.
2118 1951 2184 2014 Lo·

1212 2041 1324 2122 quitur
1346 2050 1455 2103 antem
1479 2037 1518 2103 de
1542 2038 1594 2102 die
1617 2038 1737 2102 iudicii.
1782 2038 1865 2101 Nam
1890 2038 1949 2101 etsi
1973 2039 2036 2101 iam
2060 2034 2185 2103 (lhristi

1213 2126 1372 2208 sanguine
1394 2124 1552 2207 redempti
1574 2144 1697 2206 sumus,
1721 2122 1865 2188 nondum
1883 2132 1993 2188 tamen
2017 2122 2116 2187 huius
2138 2142 2186 2186 re·

1213 2212 1407 2293 demptionis
1430 2213 1553 2276 fructus
1577 2219 1700 2274 exstat:
1730 2213 1805 2292 quia
1827 2209 1933 2272 omnis
1960 2219 2109 2274 creatura
2131 2207 2185 2271 ed·

1213 2297 1276 2361 huc
1305 2299 1497 2380 ingemiscit,
1527 2296 1659 2378 cupiens
1689 2317 1708 2359 a
1735 2295 1942 2376 corruptione
1964 2295 2074 2358 eximi.
2118 2293 2186 2357 Nos

1213 2385 1321 2466 etiam,
1344 2384 1399 2464 qni
1427 2383 1586 2465 primitias
1608 2382 1742 2463 spiritus
1765 2382 1958 2462 accepimus,
1986 2380 2024 2442 ad
2049 2377 2184 2443 eandem

1212 2469 1434 2534 liberationem
1455 2469 1539 2531 votis
1555 2469 1706 2531 ferimur:
1729 2467 1806 2548 quia
1824 2466 1967 2529 nondum
1984 2485 2053 2528 eam
2070 2483 2186 2529 sumus

1213 2556 1333 2637 adepti,
1368 2555 1428 2617 nisi
1459 2573 1525 2635 spe.
1570 2552 1734 2617 Fruamur
1767 2561 1874 2615 autem
1902 2572 1938 2614 rs
1970 2552 2050 2635 ipsa,
2082 2569 2185 2633 quum

1213 2641 1368 2706 Christus
1390 2642 1424 2701 in
1447 2639 1603 2703 iudicium
1628 2638 1824 2721 apparuerit.
1870 2637 1942 2703 Hoc
1967 2658 2064 2701 sensu
2088 2655 2185 2700 voca-

1213 2726 1323 2790 bulum
1355 2725 1665 2805 redemptionis
1693 2724 1780 2805 capit
1803 2724 1925 2787 Paulus
1955 2725 1994 2787 ad
2019 2724 2185 2787 Romanos

1212 2832 1281 2893 cap.
1301 2812 1331 2887 8,
1354 2810 1396 2874 23
1418 2821 1450 2874 et
1474 2811 1637 2874 Dominus
1659 2831 1758 2892 quum
1783 2810 1878 2874 dicit:
1907 2809 2058 2873 Attollite
2080 2809 2186 2890 capita

1213 2908 1332 2980 vestra,
1355 2897 1594 2978 appropinquat
1616 2895 1796 2978 redemptio
1820 2905 1939 2960 vestra.
1976 2893 2185 2980 Περιποίησις,

1213 3004 1310 3066 quam
1334 2982 1434 3046 latine
1453 2983 1621 3061 vertimus,
1644 2981 1836 3064 acquisitam
1854 2981 2097 3056 haereditatem,
2120 3001 2185 3044 non

1213 3082 1262 3135 est
1278 3089 1414 3153 regnum
1432 3068 1594 3132 coelorum
1611 3077 1667 3131 ant
1683 3066 1776 3131 beate
1791 3068 2028 3143 immortalitas,
2044 3067 2099 3132 sed
2116 3069 2187 3149 ipsa

1213 3157 1358 3221 ecclesia.
1396 3155 1456 3219 Est
1472 3161 1580 3218 autem
1597 3154 1658 3217 hoo
1680 3153 1826 3217 additum
1849 3152 1889 3216 ad
1906 3173 2017 3217 eorum
2040 3153 2188 3217 consola·

1214 3244 1344 3322 tionem,
1368 3261 1409 3304 ne
1424 3261 1525 3323 grave
1540 3241 1583 3305 sit
1599 3240 1663 3303 illis
1678 3239 1951 3323 exspectationem
1968 3259 2060 3303 suam
2076 3240 2187 3302 fovere

1214 3348 1315 3408 nequo
1328 3327 1460 3390 addiem
1475 3323 1635 3390 adventus
1644 3325 1778 3400 Christi,
1792 3325 2013 3410 neindignum
2024 3329 2185 3406 reputent,

1213 3412 1399 3477 sinendum
1417 3412 1627 3476 haereditatis
1646 3412 1705 3476 sibi
1724 3411 1901 3493 promissae
1920 3412 1987 3474 sint
2001 3418 2186 3491 compotes:

1212 3518 1310 3582 quum
1336 3498 1416 3561 haec
1444 3500 1617 3562 universae
1646 3497 1801 3562 ecelesiae
1830 3518 1898 3561 sors
1928 3498 1971 3561 sit
1994 3496 2186 3560 eommunis.

1299 3585 1340 3648 In
1370 3584 1493 3648 laudem
1519 3583 1647 3665 glorios.
1696 3584 1786 3648 Laus
1813 3583 1875 3665 hio,
1910 3593 1946 3646 ut
1975 3582 2071 3664 paulo
2100 3590 2187 3662 ante,

1213 3671 1282 3736 loco
1305 3669 1555 3752 praedicationis
1585 3671 1719 3752 capitur.
1765 3669 1881 3734 Gloria
1910 3670 1979 3733 eius
2008 3669 2110 3731 latere
2136 3667 2186 3729 in·

1214 3758 1341 3821 terdum
1365 3764 1482 3837 potest,
1505 3755 1558 3819 vel
1580 3776 1652 3820 esse
1674 3755 1818 3820 obscura.
1858 3754 1935 3818 Ideo
1960 3755 2038 3819 dicit
2053 3752 2187 3834 Paulus,

1214 3843 1323 3907 Deum
1352 3841 1387 3905 in
1419 3840 1573 3923 Ephesiis
1603 3842 1797 3905 documenta
1821 3861 1899 3905 suae
1934 3840 2088 3906 bonitatis
2121 3837 2187 3903 edi·

1214 3929 1309 4007 disse,
1343 3939 1378 3991 ut
1401 3926 1506 4010 gloria
1528 3946 1588 3991 sua
1616 3926 1816 4005 decantetur,
1849 3946 1886 3993 ac
1917 3927 2023 4009 palem
2051 3924 2187 3989 illustris

1214 4016 1280 4079 fiat.
1334 4013 1432 4079 Unde
1454 4012 1611 4094 sequitur,
1643 4011 1773 4077 invidos
1799 4032 1870 4077 esse
1903 4024 1935 4076 et
1956 4014 2187 4077 obtrectatores

1215 4100 1336 4182 gloriae
1370 4098 1434 4162 Dei
1472 4099 1654 4181 quicunque
1688 4098 1905 4181 Ephesiorum
1939 4097 2102 4162 vocationi
2134 4093 2187 4160 oh·

1214 4192 1365 4250 tractant.
1425 4183 1521 4262 Quod
1561 4196 1668 4249 autem
1710 4186 1806 4248 toties
1847 4183 2187 4250 commemorationem

1214 4273 1335 4354 gloriae
1357 4270 1422 4335 Dei
1446 4269 1573 4353 repetit,
1604 4289 1670 4334 non
1695 4270 1790 4334 debet
1813 4270 1915 4334 videri
1939 4288 2186 4352 supervacuum.

1214 4358 1299 4423 Nam
1337 4356 1376 4420 de
1411 4377 1445 4420 re
1479 4357 1610 4420 infinita
1646 4356 1729 4420 nihil
1767 4366 1875 4439 potest
1908 4356 1971 4421 dici
2005 4353 2187 4419 immodice.

1215 4443 1414 4508 Praesertim
1445 4440 1532 4506 valet
1556 4443 1671 4507 hocin
1695 4441 1952 4507 commendanda
1974 4441 2037 4506 Dei
2062 4440 2186 4504 miseri·

1213 4528 1332 4607 cordia,
1361 4529 1454 4592 cuius
1476 4547 1608 4592 sensum
1643 4528 1788 4611 quisquis
1816 4548 1891 4592 vere
1917 4531 1989 4609 pius
2011 4526 2076 4591 erit
2105 4547 2186 4589 nun·
2290 4557 2293 4562 ⁸

1214 4634 1312 4698 qnam
1334 4615 1453 4696 poterit
1479 4614 1588 4678 verbis
1611 4633 1760 4695 aequare.
1806 4615 1919 4695 ltaque
1949 4619 2017 4677 tam
2051 4631 2187 4675 narran-

1215 4701 1263 4766 dis
1286 4701 1357 4765 eius
1375 4698 1529 4765 encomiis
1551 4712 1716 4782 promptas
1738 4722 1808 4765 esse
1826 4701 1897 4782 pias
1916 4718 2029 4763 omnes
2047 4697 2188 4782 linguas,

191 4794 300 4859 tatem,
328 4783 385 4848 sed
408 4786 443 4847 in
472 4805 511 4848 ea
533 4785 634 4849 fuisse
660 4786 769 4869 sigillo
792 4785 925 4868 spiritus
955 4787 1059 4850 sancti
1087 4805 1163 4849 oon·
1215 4806 1312 4868 quam
1335 4806 1431 4850 aures
1447 4786 1586 4849 libenter
1608 4785 1776 4851 audiendis
1791 4798 1921 4868 apertas
1939 4805 2008 4851 esse
2024 4783 2187 4850 convenit.

191 4870 346 4934 firmatos.
383 4869 457 4934 Hac
471 4871 597 4935 ratione
614 4872 756 4954 appellat
777 4871 965 4954 spiritum
988 4871 1163 4952 promis·
1215 4872 1287 4937 Hoc
1310 4872 1398 4935 enim
1420 4881 1649 4956 argumentum
1672 4882 1732 4952 est,
1764 4873 1799 4936 in
1823 4893 1887 4955 quo
1915 4874 1942 4939 si
1965 4883 2065 4937 totam
2094 4889 2187 4935 suam

192 4955 338 5034 sionis,
368 4956 408 5020 ab
429 4957 547 5022 effectu
577 4958 706 5024 scilieet.
751 4957 845 5024 Facit
868 4959 954 5021 enim
978 4978 1019 5021 ne
1042 4959 1164 5023 frustra
1215 4958 1398 5022 facundiam
1440 4958 1605 5042 explicent
1644 4967 1712 5023 tam
1752 4959 1859 5043 angeli
1895 4979 1991 5041 qnam
2030 4957 2187 5032 homines,

192 5040 287 5105 nobie
306 5040 463 5106 offeratur
484 5043 599 5108 salutis
629 5045 807 5125 promissio.
851 5042 937 5107 Nam
966 5044 1051 5109 sicut
1072 5043 1164 5107 Dens
1215 5043 1434 5126 magnitudini
1458 5056 1567 5109 tamen
1594 5044 1690 5130 longe
1712 5045 1837 5113 cedent.
1882 5043 2011 5109 Deinde
2039 5044 2188 5108 observe-

193 5127 293 5192 verbo
322 5147 383 5191 sno
412 5128 575 5211 promittit
603 5150 638 5193 se
665 5129 756 5194 nobis
782 5132 851 5196 fore
879 5131 914 5194 in
942 5138 1084 5211 patrem:
1117 5130 1164 5193 ita
1215 5149 1301 5207 mue,
1335 5129 1457 5193 nullam
1487 5151 1559 5195 esse
1587 5134 1692 5215 magis
1721 5130 1863 5197 validam
1896 5129 2121 5194 refutationem
2146 5130 2187 5193 ad

193 5214 309 5295 spiritu
324 5233 384 5279 suo
406 5215 629 5280 testimoninm
645 5214 827 5295 adoptionis
844 5234 922 5279 suae
938 5213 1029 5279 nobis
1046 5214 1162 5280 reddit.
1214 5214 1413 5281 obstruenda
1428 5216 1600 5297 impiorum
1617 5235 1683 5293 ora,
1707 5215 1845 5298 quamsi
1862 5215 2100 5281 ostenderimus
2118 5214 2188 5299 glo·

279 5300 330 5365 14.
363 5300 424 5382 Qui
445 5305 490 5367 est
510 5299 654 5366 arrhabo.
699 5294 772 5365 Hoc
798 5320 924 5383 quoque
951 5301 1094 5384 epitheto
1115 5301 1164 5366 bis
1216 5302 1299 5366 mam
1324 5301 1386 5366 Dei
1410 5302 1511 5367 asseri
1534 5321 1553 5366 a
1575 5300 1677 5380 nobis,
1701 5300 1826 5366 abillis
1849 5322 1928 5368 vero
1950 5301 2126 5367 obscurari.
