4762 6016
183 344 231 422 iil
755 350 763 365 '
817 350 961 421 Epist.
985 348 1128 416 PAULI
1150 348 1214 414 AD
1238 345 1579 415 PHILIPPENSES
2158 345 2203 409 52

260 552 336 616 ·12.
360 548 433 615 Non
455 542 537 630 quod
557 547 624 611 iam
645 543 911 627 apprehenderim,=
939 549 995 610 aut
1016 543 1082 608 iam
1099 563 1174 624 per·
1227 540 1292 607 huo
1322 547 1407 606 esset
1436 560 1628 624 suspensus:
1660 541 1717 607 sed
1747 540 1867 624 repetit
1889 539 1975 624 quod
1997 537 2136 616 dixerat,
2167 559 2205 606 se

190 639 296 722 femus
316 636 392 702 am:
413 654 527 716 aequor
544 637 656 714 numm,
678 632 709 696 si
726 650 779 714 eqo
798 649 918 712 quoque
935 629 1175 712 apprehendam,
1228 627 1336 692 adhue
1369 627 1566 709 profitiendo
1598 627 1736 692 ulterius
1771 624 1916 710 tendere,
1948 625 2026 710 quia
2058 623 2203 690 nonduin

190 720 453 807 quemadmodum
486 723 514 784 et
545 716 758 803 approbemus
789 736 859 781 mum
888 735 909 780 a
939 714 1062 780 &aristo
1090 714 1175 779 Iesu.
1225 713 1267 778 ed
1290 713 1390 778 finem
1410 732 1489 778 suae
1511 712 1690 779 venationis
1712 720 1914 796 pervenerat.
1958 713 2069 794 Atque
2090 710 2123 775 id
2145 708 2202 777 de·

193 809 249 874 Γ13.
274 805 417 885 Fratres,
440 825 493 890 eqo
513 805 667 884 meipsum
687 802 825 868 montium
846 800 982 866 arbitror
1003 799 1177 883 approbem·
1227 797 1331 864 ularat
1364 798 1532 877 uoutiuuo,
1566 820 1601 865 se
1633 800 1666 862 in
1700 795 1762 864 hoo
1795 817 1899 864 unum
1933 797 2098 863 intentum
2132 815 2204 862 esse

193 895 313 962 disses
342 890 447 959 Unum
475 894 589 969 amomi,
618 908 661 982 ea
685 907 765 969 quae
784 891 865 952 retro
887 890 962 952 suut
982 885 1103 961 oblitus,
1134 885 1178 951 ud
1229 883 1354 984 disens,
1393 882 1515 949 reliotis
1552 882 1701 984 omnibus
1715 970 1723 984 ο
1738 883 1820 949 aliis.
1862 882 2058 985 ‘Compei-‘at
2092 889 2204 948 autem

194 980 679 1146 mittebat
702 971 1178 1157 imittiitiiii
1228 967 2106 1155 {ttttt‘ttttittt⁰¹¹ttttt‘ttttttt
2118 987 2206 1118 tit

195 1148 325 1217 cbristo
344 1148 431 1214 Iesu.
471 1145 520 1212 15.·
546 1144 728 1227 Quicunque
740 1145 871 1226 perfecti
892 1162 1012 1226 mmua,
1035 1141 1089 1207 boa
1105 1160 1177 1207 eeu-
1229 1141 1387 1225 profuerit
1414 1142 1541 1208 nursori
1567 1161 1608 1207 ex
1630 1140 1816 1209 earosribus
1837 1161 2008 1226 egressum
2029 1159 2110 1217 esse,
2141 1141 2206 1206 uisi

192 1236 335 1302 aurias:
357 1239 386 1299 et
399 1234 431 1298 ei
444 1231 522 1316 quid
535 1232 628 1298 aliter
648 1231 780 1310 emutio,
801 1230 895 1294 otiam
915 1228 970 1294 boo
986 1226 1071 1293 nobie
1088 1226 1178 1293 Deus
1230 1226 1270 1293 ad
1297 1232 1419 1293 metam
1442 1247 1546 1311 iisque
1567 1226 1749 1312 pertingite
1778 1228 1825 1294 sio
1847 1227 1945 1293 etiam
1967 1224 2206 1294 nontiaiendum

197 1320 353 1401 revelabit.
396 1319 446 1384 16.
467 1317 628 1383 Caeterum
649 1336 710 1399 quo
728 1315 933 1397 pavoninus,
955 1319 989 1379 ut
1010 1314 1094 1378 idom
1110 1332 1179 1378 eom
1230 1321 1281 1380 eet
1309 1313 1403 1379 nobis
1432 1313 1632 1379 sardonium
1655 1311 1832 1380 imationis
1860 1332 1962 1396 usque
1983 1311 2026 1378 ud
2047 1320 2204 1377 mortem:

192 1407 331 1482 tiammo,
352 1404 461 1503 eudem
480 1401 825 1500 procedamus-requio.
871 1400 923 1464 l'l.
946 1399 1051 1499 Simul
1071 1399 1178 1464 imita·
1230 1419 1335 1481 neque
1369 1405 1444 1464 aute
1477 1397 1680 1478 tensendum,
1715 1415 1812 1480 quain
1845 1398 1954 1482 adepti
1986 1399 2090 1464 simus
2117 1395 2207 1481 qnod

194 1496 280 1557 ‘tores
300 1509 361 1555 mea
377 1494 468 1556 estote
486 1488 615 1572 fratres,
637 1493 666 1552 et
686 1487 876 1553 omerderate
890 1504 950 1568 eoo,
972 1505 1027 1567 qm
1048 1504 1095 1550 ero
1111 1503 1178 1551 aot·
1253 1484 1382 1550 etimne.
1426 1482 1557 1551 Deinde
1577 1483 1675 1550 aienti
1697 1484 1752 1550 via
1772 1482 1909 1550 delinita
1930 1492 1980 1550 est
2000 1485 2135 1564 eumen,
2165 1502 2209 1549 ne

198 1576 324 1644 butant:
344 1574 602 1660 quenadmodum
624 1592 683 1640 mos
704 1571 822 1638 habetis
836 1591 901 1654 pro
922 1569 1102 1653 exemplari.
1230 1506 1295 1636 huo
1317 1580 1374 1636 aut
1394 1568 1473 1635 illue
1495 1567 1646 1653 vagando
1667 1569 1791 1637 frustra
1811 1590 1846 1636 se
1867 1569 1995 1656 fatiget,
2028 1566 2112 1634 nihil
2133 1584 2208 1652 pro·

1074 1728 1076 1731 v
1231 1676 1367 1723 movens
1389 1654 1430 1720 ad
1452 1664 1592 1721 metam:
1618 1657 1663 1720 ita
1685 1655 1785 1721 etiam
1807 1674 1924 1739 suopus
1946 1654 2039 1722 n'obis
2062 1660 2113 1720 est
2134 1672 2209 1738 pro·

288 1746 341 1812 12.
365 1744 439 1812 Nom
467 1743 643 1828 quodiam
671 1741 938 1826 apprehenderim.
981 1740 1023 1807 In
1045 1740 1106 1809 hoo
1129 1742 1179 1808 iu·
1231 1742 1367 1825 positus,
1398 1759 1463 1824 quo
1492 1750 1580 1806 reete
1605 1739 1761 1808 dehemus
1782 1761 1914 1808 aureum
1935 1749 2085 1807 uestrum
2107 1738 2210 1805 desti·

200 1830 326 1900 aumbit
350 1828 481 1909 Paulus,
511 1838 550 1894 ut
571 1827 837 1914 Philippensibus
867 1828 1067 1911 persuadeat,
1096 1826 1178 1894 nihil
1232 1847 1328 1892 nare:
1350 1846 1411 1892 nen
1433 1826 1557 1910 patitur
1574 1825 1667 1893 Deus
1689 1846 1749 1893 nus
1771 1831 1895 1894 minere
1915 1826 2060 1911 evagari.
2095 1824 2210 1891 l'ertio

200 1916 292 1984 uliud
321 1916 464 2000 negitare
494 1935 590 1998 quam
613 1913 795 1993 christum,
825 1912 908 1978 nihil
938 1913 1027 1980 aliud
1056 1933 1179 1997 sapere,
1232 1912 1328 1979 siuuti
1350 1932 1514 1977 eursurem
1533 1912 1722 1996 expeditum
1739 1932 1810 1979 esse
1827 1917 1966 1997 oportet,
1988 1931 2048 1978 nea
2065 1909 2105 1976 ud
2123 1909 2210 1977 ullas

199 2001 286 2068 nihil
305 2000 395 2067 aliud
413 2013 575 2085 appetere,
599 2000 690 2066 nulla
708 1998 772 2064 alia
790 1997 1001 2066 meditatione
1019 1999 1179 2083 oeoupari.
1232 2016 1378 2064 remores
1414 2017 1561 2082 gressum
1600 2000 1728 2077 sistere,
1765 1997 1823 2065 sed
1860 1997 2011 2064 omuibus
2049 1999 2211 2080 superatis

201 2088 279 2189 Hau
308 2085 488 2187 plurimum
511 2086 602 2187 yalet
623 2085 711 2170 quod
736 2106 825 2185 uuna
847 2084 947 2164 addit,
977 2105 1022 2167 se,
1045 2085 1100 2168 qui
1122 2085 1181 2150 im·
1231 2084 1424 2185 oentinuare
1452 2101 1547 2149 suum
1576 2103 1723 2186 sursum:
1752 2083 1800 2151 ita
1827 2083 1922 2185 uobis
1949 2080 2135 2151 uniendum
2160 2090 2211 2148 est

200 2169 1181 2360 {ititrissttlttttttt‘tttttdttttt
1233 2168 1815 2341 ttisstttttt‘tttttt
1822 2187 2210 2322 “diiiisiiili

202 2355 292 2411 eniti.
339 2341 473 2424 Quanto
500 2342 563 2408 hoo
586 2363 690 2427 inagis
713 2341 875 2426 agendum
898 2350 969 2407 erat
990 2341 1180 2426 Philippen-
1233 2340 1346 2419 soluti,
1380 2348 1485 2407 totum
1520 2340 1663 2408 studium
1697 2342 1738 2408 ad
1773 2361 1872 2408 unam
1906 2341 1969 2408 Dei
2004 2340 2209 2407 vomtiunem

204 2429 305 2508 sibus,
339 2428 395 2513 qui
425 2426 540 2514 prooul
571 2425 679 2495 adhue
708 2426 749 2492 ab
776 2428 847 2511 ipso
874 2426 1062 2494 distabant?
1113 2426 1179 2494 Sed
1233 2426 1443 2511 applinemus.
1493 2426 1587 2493 Haeo
1618 2428 1682 2494 tria
1713 2428 1748 2493 iu
1782 2448 1849 2493 uua
1880 2425 2096 2493 similitudine
2124 2445 2209 2491 oom-

199 2514 373 2667 aaronem
394 2513 473 2597 quid
492 2511 617 2580 Paulus
639 2513 783 2579 nondum
803 2533 839 2579 se
856 2523 1091 2597 oonsequutum
1109 2533 1181 2580 esse
1234 2511 1410 2598 prehendit
1426 2511 1560 2581 Paulus.
1597 2513 1708 2595 Quum
1730 2512 1819 2597 dieit,
1841 2534 1876 2579 se
1897 2532 1999 2578 nuum
2021 2511 2082 2578 hoo
2100 2530 2211 2596 agere,

226 2603 300 2668 ient.
341 2599 426 2665 Nem
447 2608 536 2666 nene
558 2619 599 2664 ex
623 2619 686 2681 quo
707 2619 822 2666 sumus
842 2598 932 2664 insiti
955 2620 1015 2683 pei·
1031 2598 1128 2666 fidem
1146 2601 1181 2665 in
1233 2607 1267 2665 et
1312 2598 1399 2664 riora
1420 2599 1530 2663 omnia
1551 2597 1709 2685 oblivisoi,
1737 2600 1966 2666 strenuitatem
2000 2597 2156 2681 exprimit
2176 2606 2211 2662 et

198 2701 319 2770 eorpus
342 2683 479 2764 Christi,
500 2684 566 2749 iam
590 2683 655 2749 Dei
672 2705 814 2784 regnum
836 2685 975 2769 ingressi
997 2706 1126 2752 suiuus:
1148 2691 1182 2752 et
1233 2619 1379 2751 exohudit
1400 2684 1509 2752 omnia
1531 2693 1752 2752 avooamente.
1790 2684 1903 2766 Quum
1925 2682 2006 2752 dieit
2026 2703 2062 2749 se
2080 2683 2210 2766 insequi

197 2769 474 2856 quemadmodum
498 2770 539 2834 ad
557 2769 720 2853 Ephesios
737 2768 824 2855 (2,6
860 2770 1008 2851 habetur,
1031 2771 1181 2838 sedemus
1233 2769 1329 2837 iuxta
1355 2789 1498 2854 seopum‚
1526 2770 1688 2854 signifieat
1716 2791 1751 2838 se
1776 2778 1871 2837 extra
1893 2770 1981 2836 iiam
1999 2788 2066 2834 uon
2087 2786 2211 2834 errare.

202 2859 270 2924 iam
300 2876 359 2940 per
387 2875 477 2939 spem
507 2857 543 2920 iu
564 2855 766 2922 coelestibus.
878 2855 1012 2938 pendeo,
1041 2856 1181 2922 salutem
1323 2855 1411 2938 Quae
1429 2859 1513 2921 retro
1534 2861 1609 2922 mmt
1627 2856 1747 2923 atoue
1783 2854 1911 2922 alludit
1928 2853 1969 2922 ad
1988 2873 2136 2922 emtores
2154 2853 2210 2938 qui

196 2949 352 3044 nostram
374 2942 410 3041 in
432 2960 490 3024 spe
511 2941 636 3007 interea
658 2941 756 3008 sitam
776 2958 865 3042 asse:
888 2948 926 3006 nt
943 2951 1032 3042 certa
1049 2941 1181 3026 quidem
1235 2961 1396 3043 nusquam
1430 2939 1614 3043 deflentunt·
1641 2943 1760 3020 oeulos,
1793 2961 1836 3008 ne
1865 2941 2064 3008 celeritatem
2093 2958 2211 3006 aursus

201 3025 633 3213 ttl‘tttttttt
648 3038 773 3212 iiiii
788 3029 1182 3198 tittttttttta
1234 3026 1681 3198 ttttttfflttttttttt
1696 3035 1920 3192 {iiiiii
1934 3032 2211 3179 iiim&

200 3200 245 3267 ad
277 3198 356 3265 fidei
389 3209 424 3265 et
445 3199 716 3282 mortifioationis,
749 3197 840 3265 euius
873 3201 1075 3280 meminerat,
1109 3220 1181 3283 pro·
1235 3199 1277 3266 ad
1305 3206 1440 3265 metam.
1484 3198 1536 3265 Ita
1558 3199 1683 3267 Paulus
1712 3198 1814 3280 donet,
1844 3219 1880 3264 se
1910 3219 1976 3265 non
2006 3195 2212 3264 oonsiderare

199 3286 338 3352 lentum.
382 3284 521 3350 Dixerat
550 3305 586 3351 se
614 3282 810 3351 oontendere
838 3290 872 3350 et
901 3285 981 3351 eniti
1011 3286 1051 3351 ad
1074 3306 1183 3353 resur·
1256 3287 1307 3354 uis
1336 3285 1444 3367 luerit,
1473 3305 1534 3353 nso
1561 3283 1638 3369 quid
1661 3286 1782 3371 egerit:
1812 3284 1869 3351 sed
1892 3291 2022 3351 tantum
2045 3303 2080 3350 se
2102 3284 2211 3348 inten-

199 3371 380 3472 tanti-onem
409 3378 611 3471 mortuorum
642 3391 701 3455 per
729 3372 1054 3438 communitationem
1077 3373 1183 3440 arusie
1234 3307 1312 3439 here
1333 3369 1373 3438 ad
1397 3371 1596 3437 destinatum
1616 3391 1761 3472 neopum,
1783 3370 1965 3455 etquidem
1983 3378 2076 3435 tanto
2094 3366 2212 3435 ardore

201 3455 351 3556 Christi:
389 3454 480 3521 addit
511 3476 547 3523 ee
575 3455 727 3556 'nondum
760 3454 794 3520 id
827 3455 927 3522 luisse
960 3467 1182 3557 assequutum.
1234 3466 1271 3522 ut
1292 3456 1386 3540 quasi
1408 3458 1550 3523 extentis
1572 3456 1714 3524 bruohiis
1736 3457 1814 3524 illue
1835 3457 1969 3523 leretur.
2007 3454 2098 3520 'Palis
2120 3454 2211 3519 enim

202 3539 320 3642 Quid?
339 3561 470 3643 ‘nempe
502 3549 542 3608 ut
572 3564 606 3607 in
638 3540 779 3607 solidum
810 3552 1027 3611 eommuuioet
1057 3543 1182 3610 Ohristi
1233 3543 1345 3609 subest
1373 3542 1563 3626 metaphora
1586 3543 1621 3608 iu
1643 3543 1813 3629 partieipia
1833 3563 1897 3627 quo
1919 3543 2032 3608 utitur.
2077 3538 2211 3624 Siquis

204 3626 419 3713 passionibus,
449 3635 485 3692 ut
509 3628 688 3711 perfeetum
720 3627 838 3694 habeat
862 3639 995 3713 gustum
1020 3630 1183 3713 potentiae
1234 3627 1374 3711 obiioiat,
1403 3627 1661 3695 retardationem
1691 3636 1860 3697 antenatus
1880 3627 1967 3694 vitae
1997 3645 2069 3693 esse
2097 3625 2211 3691 utilem

205 3712 464 3798 resurreetionis,
486 3722 525 3778 ut
542 3714 647 3796 ipsum
670 3713 767 3798 plane
786 3722 969 3798 cognoseat.
1008 3715 1184 3782 Prolinien-
1234 3713 1276 3780 ad
1304 3733 1364 3779 nos
1393 3713 1595 3781 inuitandos:
1624 3723 1696 3781 tum
1725 3715 1802 3799 quia
1829 3715 1895 3779 iam
1925 3711 2063 3780 tollutae
2083 3711 2213 3797 gratiae

207 3798 285 3865 dum
317 3799 420 3884 igitur
448 3798 599 3883 exemplo
627 3819 688 3864 suo
715 3798 886 3866 admonet:
917 3821 954 3867 ac
981 3807 1184 3869 renitentes
1235 3799 1327 3866 nobis
1362 3799 1488 3865 addunt
1523 3801 1670 3865 animum
1708 3800 1749 3866 ad
1780 3798 1995 3884 sperandum:
2032 3806 2101 3864 tum
2135 3796 2212 3881 quia

198 3885 305 3950 molis
336 3905 407 3952 esse
430 3885 555 3952 Christi
584 3884 811 3970 cognitionem,
841 3894 878 3950 ut
908 3886 962 3970 qui
991 3887 1025 3951 in
1056 3907 1095 3952 ea
1116 3886 1184 3952 sola
1235 3885 1375 3970 pennatis
1412 3885 1640 3970 admonemur,
1675 3884 1904 3972 uurrigendam
1937 3904 2008 3952 esse
2039 3883 2143 3950 vitani
2174 3881 2212 3947 in

202 3971 386 4051 elaborant,
421 3990 588 4054 nunquam
622 3982 733 4035 temen
766 3971 899 4054 persenti
930 3971 998 4037 sint
1028 3971 1184 4056 quamdin
1235 3971 1367 4037 melius:
1391 3971 1580 4056 respondeo,
1603 3972 1760 4038 eiusmodi
1786 3971 1998 4056 eogitationes
2024 3990 2087 4036 uon
2115 3987 2211 4034 aver·

202 4057 335 4140 ¹vivunt
381 4055 559 4123 (laetorum
588 4054 650 4121 hoo
671 4055 770 4123 Pauli
797 4056 964 4123 doetrinae
986 4057 1068 4124 nihil
1091 4058 1184 4125 dero·
1236 4064 1306 4124 tere
1335 4058 1445 4124 oeulos
1476 4078 1496 4122 a
1523 4057 1628 4123 lionte
1650 4057 1691 4123 ad
1714 4066 1853 4142 tergum,
1883 4055 1940 4124 aed
1963 4056 2072 4139 potius
2093 4054 2212 4119 iuvare

200 4150 274 4228 gat,
304 4142 382 4226 quia
410 4150 539 4207 tantum
567 4141 860 4227 comprehenderat
880 4151 1039 4226 quantum
1063 4144 1105 4210 ad
1127 4165 1202 4224 ex·,
1235 4145 1348 4221 auiam,
1371 4152 1408 4209 ut
1428 4163 1561 4227 soopum
1584 4144 1709 4210 naudus
1730 4161 1911 4210 oernemus.
1955 4141 2079 4208 Paulus
2099 4146 2212 4207 autern

203 4229 410 4312 sequendum
426 4248 548 4294 munus
562 4227 1029 4295 sibioommissumsuffioeret
1051 4229 1185 4296 interea
1233 4228 1289 4297 hio
1318 4229 1453 4295 damnat
1479 4249 1532 4295 ree
1555 4240 1643 4295 estus
1665 4230 1721 4314 qui
1744 4230 1946 4297 alteritatem
1968 4227 2020 4294 vel
2042 4228 2213 4310 frangunt,

201 4315 364 4415 profitere
380 4314 491 4414 ipsum
514 4313 668 4414 oportuit,
697 4323 735 4379 ut
756 4313 886 4380 divinus
907 4316 1051 4381 omnium
1074 4315 1186 4383 domur
1234 4314 1288 4382 vel
1316 4315 1481 4381 minuunt.
1525 4250 1809 4397 Quemadmodum
1832 4315 1858 4381 si
1881 4316 1955 4397 quis
1978 4326 2211 4398 persuasisse

207 4397 251 4464 ad
273 4397 490 4465 humihtateiu
513 4400 709 4466 erudiretur.
1235 4401 1316 4468 satis
1337 4421 1474 4486 magnos
1496 4420 1689 4486 progressus
1709 4401 1831 4481 lenisse,
1855 4400 1933 4484 quia
1956 4399 2128 4466 deluuntur
2150 4395 2212 4462 sihi

299 4482 564 4586 Quemadmodum
591 4490 620 4552 et
646 4482 867 4585 opprobremus.
911 4484 1099 4551 Membrum
1124 4485 1186 4554 hoe
1237 4485 1408 4565 videbitur,
1437 4488 1606 4573 pigresnet,
1632 4506 1671 4553 ae
1692 4487 1782 4553 volet
1803 4485 1875 4553 aliis
1896 4484 2028 4551 tradere
2050 4481 2212 4567 lampada

205 4578 408 4670 interposuit
428 4589 501 4637 viae
529 4571 753 4672 animationis,
781 4580 819 4635 iit
844 4577 947 4636 totum
971 4591 1067 4637 sunm
1089 4591 1185 4639 aona·
1236 4570 1301 4638 Vel
1315 4572 1345 4637 ai
1358 4591 1457 4654 quein
1474 4571 1626 4640 sollioitet
1643 4570 1837 4638 desiderium
1855 4571 1988 4638 reliutae
2004 4568 2211 4647 nouditiouis,

201 4665 279 4721 tuin
314 4655 474 4723 tribueret
507 4655 571 4722 Dei
604 4656 738 4741 gratiae.
794 4654 868 4721 Non
902 4655 1044 4723 multum
1076 4657 1203 4737 refert„
1236 4677 1302 4723 non
1332 4665 1439 4741 potest
1468 4666 1572 4724 totum
1600 4656 1746 4727 studium
1776 4655 1817 4724 ad
1845 4655 1880 4722 id
1907 4655 1994 4743 quod
2060 4656 2085 4721 ‘t
2106 4653 2212 4740 appli-

204 4741 341 4844 legusne
362 4740 647 4827 quemadmodum,
669 4762 712 4808 en
734 4749 907 4842 quatenus.
948 4740 1075 4811 Sensus
1095 4744 1186 4809 enim
1236 4762 1322 4810 aare.
1363 4741 1533 4811 Eiusmodi
1558 4750 1654 4811 erant
1682 4743 1906 4830 mgitationos,
1936 4674 2097 4826 aquiiis
2117 4760 2213 4826 opor·

203 4826 294 4930 idern
318 4846 448 4913 semper
468 4835 590 4927 manet,
620 4826 761 4893 Paulum
784 4827 884 4895 luisse
905 4827 1188 4914 apprehensuma
1238 4829 1301 4895 tuit
1329 4828 1427 4896 Pauli
1460 4831 1606 4897 animum
1640 4849 1794 4896 aversum
1827 4847 1912 4907 esse,
1945 4829 1972 4896 ei
2006 4827 2212 4896 rotationem

202 4911 354 5015 liberato,
376 4921 416 4979 ut
437 4911 608 5014 Christum
631 4912 908 5012 apprehenderet:
938 4915 999 4982 hoo
1019 4919 1079 4996 est,
1101 4913 1185 4980 nihil
1237 4912 1364 4981 Ohristi
1393 4915 1479 4981 serio
1507 4918 1659 5003 persequi
1680 4914 1790 4982 vellat
1832 4912 1922 4997 Quin
1949 4920 2060 4980 autem
2089 4911 2146 4978 hie
2171 4909 2213 4978 de

205 5001 272 5064 nisi
295 4997 438 5085 impulsu
460 5007 495 5065 st
511 4997 689 5066 ‹limaboue
703 4997 830 5066 Ohrieti
848 5003 963 5087 egisse
998 4998 1069 5085 qu
1084 5003 1188 5066 tomm
1237 5008 1366 5079 oonatn,
1387 4998 1505 5080 studio,
1526 5022 1636 5082 eursu,
1656 4999 1901 5087 perseveranda
1914 4999 2214 5068 mortuarum

199 5083 436 5166 moneamus
455 5088 533 5169 aa,
555 5084 1080 5238 withmaridebutur
1152 5085 1187 5150 ⁶.
1236 5086 1312 5171 quis
1386 5086 1596 5154 ‘taminillis
1613 5087 1906 5171 salummputaret
1924 5081 2213 5152 maturuerat

204 5188 210 5218 1
297 5168 349 5236 ie.
379 5169 531 5238 Nondum
729 5191 779 5240 me
808 5169 1057 5257 apprehmdreea
1143 5189 1187 5237 on
1238 5171 1318 5239 beret
1405 5172 1412 5186 ‘
1498 5171 2216 5257 tmuartuequoouumaiprmeitsmuma

206 5252 264 5318 hie
286 5264 429 5377 revoeut¹
441 5254 541 5322 fidem
562 5274 644 5323 suae
661 5256 778 5326 minti·
799 5255 996 5339 indubium,
1017 5255 1112 5342 quasi
1130 5258 1186 5325 ad·
1239 5258 1380 5324 munium
1401 5262 1507 5328 aotam
1527 5259 1640 5343 mma,
1662 5256 1797 5342 addidit,
1818 5258 1857 5325 in
1879 5255 2048 5326 Obristo
2068 5254 2169 5323 lesu.
