4762 6016
197 321 261 388 781
828 322 919 390 SUR
941 322 1154 391 Ir'EPI'PRE
1178 324 1275 392 AUX
1298 323 1571 392 EPHESIENS.
2138 325 2202 392 ’182

282 509 384 577 Voilt
406 509 490 577 dono
512 531 638 578 oomme
660 533 742 578 nous
764 534 905 579 sommes
919 514 1012 580 ohair
1026 513 1066 579 de
1081 513 1173 581 Iesus
1227 533 1331 598 apres.
1364 514 1393 580 Il
1413 515 1484 580 laut
1505 512 1589 580 dono
1609 532 1672 596 que
1694 511 1771 577 d’un
1794 519 1882 578 ooste
1905 532 1987 578 nous
2002 512 2201 581 oonlessions

192 595 321 676 018181,
345 605 379 662 81
400 618 437 663 88
458 597 500 662 (18
520 619 573 663 888
593 620 639 678 os,
667 598 746 665 o'est
766 606 789 665 d
809 601 938 684 soavoir
959 600 1067 683 quand
1091 623 1173 667 nous
1225 622 1288 683 888
1309 622 1346 666 88
1368 621 1523 684 8888888
1545 619 1649 665 avons
1672 598 1712 664 de
1734 599 1901 682 iugemeut
1922 603 1956 663 et
1978 597 2122 682 d'esprit,
2144 601 2200 666 de·

192 703 336 750 sommas
366 683 554 767 incorporea
582 707 623 750 en
650 684 683 748 lu
707 735 716 751 .
761 684 897 751 Comme
919 687 1007 751 aussi
1031 684 1066 752 S.
1089 686 1173 753 Paul
1224 688 1294 751 lant
1316 707 1356 751 en
1379 695 1449 752 eost
1470 684 1615 751 endroit:
1639 692 1672 748 et
1693 685 1765 767 puia
1788 704 1882 766 apres
1904 704 1966 767 888
1982 703 2066 750 8888
2081 705 2201 771 soyons

191 788 251 836 888
280 768 321 834 de
351 780 439 834 oeste
466 770 646 836 similitude
675 707 819 839 dv'enter:
847 781 919 836 tout
948 773 1032 837 ainsi
1053 771 1172 856 qu‘une
1223 772 1361 850 8818888,
1383 792 1424 836 88
1447 792 1483 837 88
1505 793 1568 853 888
1590 787 1672 836 8888
1694 791 1797 855 oyons
1819 790 1882 853 888
1904 782 2015 835 nostre
2038 769 2201 855 Seigneur

191 865 269 921 8818
291 855 348 938 881
371 875 444 919 sera
464 877 561 939 poseo
583 878 640 922 sur
662 878 707 922 un
730 869 831 936 trono,
853 879 893 921 en
917 858 1017 922 tirera
1039 880 1076 923 sa
1098 857 1171 923 sub·
1223 858 1317 923 Iesus
1339 857 1454 923 Ohrist
1484 878 1564 922 nous
1594 856 1722 940 appelle
1744 862 1765 920 8
1786 876 1855 940 soy,
1885 865 1918 919 et
1940 855 2020 939 qu'il
2042 877 2125 922 nous
2147 858 2200 924 de·

191 950 322 1008 armoe:
345 942 434 1005 aussi
457 941 568 1007 saut-il
584 963 646 1026 888
662 964 745 1009 8888
759 963 879 1028 soyons
895 953 988 1008 88188
1002 964 1044 1008 88
1060 954 1172 1010 nostre
1223 944 1309 1009 elare
1339 963 1403 1025 888
1432 964 1515 1008 8888
1543 963 1684 1008 sommes
1713 942 1883 1007 tellement
1905 942 2065 1007 eonioints
2087 949 2109 1008 t
2131 943 2198 1029 luy,

192 1023 359 1111 seigneur
376 1025 470 1092 Issus
485 1026 608 1094 Christ.
641 1026 672 1093 Il
694 1039 744 1094 881
767 1050 850 1114 vray
871 1033 1060 1112 qu'enoores
1083 1029 1170 1112 n’ap·
1222 1029 1300 1112 8811
1323 1033 1377 1093 n'a
1398 1029 1468 1093 rien
1492 1028 1532 1093 de
1554 1049 1673 1112 propre
1695 1029 1751 1113 qui
1774 1048 1817 1091 ne
1841 1048 1922 1093 nous
1937 1029 2001 1093 8811
2016 1032 2199 1094 eommuni-

191 1126 465 1197 portemus-nous
496 1115 589 1197 point
620 1115 683 1179 bon
718 1115 817 1181 fruiot
845 1114 885 1178 de
914 1135 1169 1180 nous-mesmes:
1222 1123 1294 1198 qut,
1324 1126 1358 1179 et
1387 1114 1466 1179 dont
1496 1114 1519 1178 il
1550 1136 1591 1179 ne
1618 1135 1700 1179 nous
1729 1113 1850 1180 vueille
1879 1114 1960 1178 faire
1989 1115 2198 1198 partieipans.

190 1197 318 1262 mainil
343 1198 428 1262 u'est
449 1200 598 1282 question
631 1200 671 1266 181
694 1220 756 1284 888
778 1200 818 1265 de
840 1210 1005 1266 monstror
1020 1221 1084 1284 que
1100 1211 1171 1266 tout
1222 1199 1261 1266 Si
1284 1200 1367 1265 dono
1388 1220 1471 1265 8888
1493 1218 1598 1270 88888Ι
1624 1201 1664 1265 181
1688 1201 1744 1265 des
1766 1198 2033 1283 contradictione,
2063 1210 2097 1265 et
2119 1202 2199 1284 qu’il

191 1283 278 1349 ainsi
306 1282 428 1365 qu’une
456 1283 602 1350 branohe
635 1296 743 1351 estant
764 1306 901 1369 rompue
922 1285 1055 1351 seohere
1077 1288 1104 1352 si
1126 1307 1169 1350 on
1224 1306 1306 1351 nous
1335 1286 1454 1352 vienne
1489 1306 1530 1350 88
1558 1287 1715 1370 fantasia,
1749 1285 1794 1349 Et
1822 1296 1989 1350 oomment
2016 1306 2052 1351 88
2080 1289 2200 1370 peut-il

190 1368 343 1434 18181888
366 1367 415 1433 la:
437 1370 521 1435 meis
543 1371 660 1454 qu’elle
683 1374 782 1437 tirera
804 1373 945 1436 humour
960 1372 1000 1437 da
1015 1373 1046 1436 la
1060 1373 1171 1438 raeine
1222 1373 1303 1436 lairo
1325 1392 1387 1454 888
1409 1381 1518 1436 nostro
1533 1369 1697 1455 Saigneur
1710 1372 1806 1436 Iasue
1827 1372 1883 1452 qui
1904 1380 1955 1435 est
1977 1392 2018 1436 88
2036 1373 2097 1437 8181
2115 1393 2200 1441 8888

190 1455 303 1539 quand
325 1453 388 1519 elle
414 1477 488 1521 sera
517 1465 609 1522 entee
637 1479 677 1522 en
701 1479 746 1523 un
770 1472 880 1522 autre:
912 1456 996 1523 ainei
1020 1480 1060 1523 en
1084 1458 1168 1524 estil
1223 1460 1390 1523 nourrisse
1420 1457 1461 1521 de
1487 1477 1523 1521 sa
1554 1478 1673 1541 propre
1701 1458 1888 1534 substance,
1921 1476 1983 1539 que
2015 1477 2077 1522 son
2104 1477 2199 1542 oorps

191 1540 233 1605 de
266 1558 365 1606 nous:
398 1541 478 1607 o'est
506 1549 527 1608 8
556 1544 683 1626 8888811·
716 1564 779 1625 888
807 1546 834 1607 si
863 1563 947 1608 8888
975 1543 1170 1610 demeurons
1222 1563 1305 1608 nous
1331 1544 1393 1609 soit
1416 1543 1542 1620 viando,
1572 1554 1604 1608 81
1634 1564 1693 1609 888
1721 1563 1804 1626 sang
1833 1541 2004 1626 brurage?
2050 1541 2088 1609 Si
2115 1546 2199 1611 douo

190 1624 255 1691 1818
277 1645 341 1708 888
363 1646 444 1692 8888
466 1649 608 1694 sommas
637 1627 826 1705 donatore,
857 1650 975 1714 pouroe
1000 1651 1064 1712 888
1087 1652 1170 1695 8888
1222 1650 1303 1696 8888
1332 1635 1466 1695 entrous
1494 1648 1534 1692 en
1564 1628 1659 1695 telles
1686 1628 1856 1707 lautasies,
1890 1628 1912 1692 il
1941 1649 2023 1694 nous
2053 1630 2122 1694 laut
2149 1651 2199 1696 re·

193 1731 337 1777 sommes
369 1731 501 1796 separer
534 1716 574 1779 de
604 1725 716 1779 nostre
745 1714 909 1800 Seigneur
931 1714 1024 1780 iesus
1047 1716 1170 1793 Christ,
1222 1714 1855 1798 8811888818188188188881881181
1883 1712 1940 1791 dit,
1973 1712 2199 1782 (18818888-

194 1800 562 1881 8888888881188818
583 1810 685 1866 mort:
709 1802 791 1866 mais
807 1800 914 1884 quand
930 1820 1013 1866 nous
1029 1823 1170 1867 summes
1222 1811 1309 1866 oret:
1342 1822 1381 1865 88
1412 1820 1496 1864 nous
1526 1800 1725 1883 redarguant
1754 1800 1794 1864 de
1821 1797 1953 1864 1811881
1976 1801 2015 1863 de
2039 1803 2198 1885 temerite,

192 1882 383 1966 interponet
412 1906 455 1949 en
484 1884 554 1969 luy,
584 1896 617 1950 et
645 1887 724 1967 qu’il
751 1887 810 1973 luy
837 1887 935 1969 plaist
963 1886 1003 1951 de
1025 1909 1061 1951 88
1083 1909 1169 1954 oom-
1222 1909 1264 1952 88
1297 1908 1333 1953 88
1363 1907 1426 1968 888
1456 1907 1537 1952 8888
1560 1888 1699 1951 voulons
1723 1905 1865 1950 mesursr
1887 1905 1923 1950 oe
1946 1885 2000 1967 qui
2022 1898 2072 1951 881
2093 1887 2196 1953 inlini.

192 1970 368 2051 muniquer
390 1976 411 2035 8
433 1991 526 2052 8888,
548 1972 690 2055 qu’alors
710 1992 794 2037 nous
815 1984 951 2038 sentens
973 1980 994 2038 8
1015 1973 1048 2038 18
1067 1975 1169 2040 verite
1221 1972 1341 2038 Nostre
1363 1971 1527 2055 Seigneur
1555 1992 1638 2036 8888
1668 1982 1812 2037 monstre
1841 1989 1904 2053 888
1937 1972 2045 2053 quand
2069 1972 2092 2035 il
2116 1995 2197 2038 nous

192 2073 257 2138 888
285 2053 316 2118 18
339 2057 414 2136 pain
439 2076 481 2121 ne
501 2077 585 2122 nous
607 2069 742 2141 apporta
764 2060 855 2142 point
883 2058 955 2141 plus
979 2057 1018 2123 de
1042 2063 1170 2125 nourri-
1221 2080 1241 2124 a
1267 2060 1341 2124 unis
1369 2065 1390 2123 8
1419 2078 1477 2121 888
1500 2057 1571 2121 Fila
1601 2059 1732 2140 unique,
1762 2057 1785 2121 il
1814 2077 1833 2121 a
1860 2055 1919 2120 fait
1942 2078 2006 2122 888
2027 2077 2147 2123 oeuvre
2170 2061 2198 2124 si

192 2149 265 2204 ture
294 2142 404 2223 quand
434 2161 516 2206 8888
544 2142 576 2207 18
606 2164 794 2228 88888888,
826 2145 860 2209 81
889 2143 919 2208 18
942 2145 998 2210 vin
1021 2167 1063 2209 ne
1086 2166 1168 2212 nous
1220 2143 1322 2209 haute
1343 2155 1377 2208 et
1398 2144 1427 2209 si
1445 2142 1612 2226 profunde,
1636 2164 1698 2228 888
1712 2144 1783 2209 8818
1797 2153 1964 2208 surmonte
1983 2153 2073 2208 toute
2088 2154 2198 2209 nostre

192 2225 311 2291 tortilie
333 2246 391 2308 pes
413 2228 523 2293 mieux
546 2228 656 2311 quand
678 2250 759 2295 8888
780 2230 812 2295 18
827 2230 1068 2315 beuvons,·que
1085 2253 1169 2299 8888
1220 2231 1373 2314 oapaoite.

190 2330 350 2377 88881888
379 2314 434 2378 rie
463 2325 497 2378 et
518 2316 659 2397 vigueur
691 2316 735 2381 du
764 2337 858 2399 oorps
887 2327 920 2380 et
948 2317 992 2382 du
1023 2338 1106 2400 sang
1128 2318 1168 2384 de
1306 2316 1388 2381 Puis
1420 2315 1563 2397 qu'ainsi
1597 2323 1646 2380 est
1680 2314 1779 2394 dono,
1813 2312 1990 2378 oonoluons
2023 2313 2197 2394 tonsiours‚

192 2410 304 2463 uostre
326 2395 491 2482 Seigneur
512 2400 606 2465 iesus
627 2399 751 2468 Christ.
791 2402 841 2467 Or
861 2422 925 2484 que
946 2403 1013 2468 oeoi
1035 2405 1100 2467 soit
1122 2426 1168 2469 un
1220 2403 1369 2468 eombien
1410 2422 1475 2484 888
1515 2421 1599 2466 8888
1640 2401 1809 2468 trouviom
1842 2399 1874 2463 18
1906 2398 2003 2463 ohose
2036 2410 2198 2484 estrange,

191 2481 275 2548 11881
296 2497 451 2568 mystera
473 2486 599 2553 ohaoun
622 2486 653 2551 le
675 2497 754 2570 peut
770 2489 866 2571 inger
884 2487 924 2552 de
939 2509 1010 2572 soy.
1044 2489 1166 2569 Quanti
1221 2487 1391 2553 touteslois
1412 2486 1441 2551 si
1463 2485 1573 2551 font-il
1597 2487 1782 2569 aequiesoer
1803 2491 1874 2551 doe
1890 2486 1944 2567 qui
1959 2492 2010 2550 est
2032 2495 2198 2568 pronouoe

191 2588 274 2633 8888
295 2589 416 2634 aurona
439 2571 511 2637 bien
541 2572 670 2655 dispute
700 2584 733 2639 et
764 2575 824 2638 fait
845 2582 920 2638 tous
940 2595 1000 2640 nos
1023 2575 1168 2642 disooors
1221 2575 1262 2638 de
1284 2573 1388 2655 Dieu,
1420 2583 1453 2637 et
1482 2592 1540 2637 sur
1567 2584 1640 2637 tout
1668 2571 1777 2655 quand
1811 2570 1835 2635 il
1864 2570 1912 2634 dit
1941 2570 2022 2655 qu'il
2045 2583 2124 2636 veut
2146 2574 2198 2637 be-

191 2672 234 2719 88
262 2674 322 2721 888
352 2674 475 2734 ooeurs,
504 2659 801 2744 γει-1188188881
824 2660 932 2742 puisse
953 2662 1168 2743 eomprendre
1222 2680 1365 2744 songner
1387 2657 1487 2723 d'une
1508 2659 1602 2742 18888
1625 2658 1652 2722 si
1676 2658 1776 2722 haute
1791 2677 1854 2740 que
1876 2676 1958 2721 nous
1980 2678 2131 2741 yserous
2154 2658 2197 2724 du

191 2756 318 2805 tumme
346 2762 428 2806 nous
456 2764 596 2809 sommes
627 2747 785 2811 oonioints
814 2753 835 2811 8
864 2755 974 2811 nostre
1002 2745 1167 2830 Seigneur
1221 2755 1294 2811 tout
1315 2745 1413 2810 ravis.
1460 2747 1656 2827 Apprenons
1678 2742 1760 2808 dono
1782 2765 1822 2808 en
1846 2743 1979 2826 general
2003 2743 2042 2807 de
2064 2765 2101 2809 oe
2124 2766 2198 2827 pas·

191 2822 286 2892 lesus
301 2825 423 2906 Ohrist,
443 2842 478 2893 et
500 2849 638 2895 sommes
656 2833 731 2896 laits
749 2853 794 2896 un
811 2852 892 2898 aveo
907 2833 974 2916 luy,
998 2833 1167 2897 tellement
1219 2851 1307 2914 sege,
1331 2851 1393 2914 que
1416 2838 1488 2894 tous
1512 2831 1560 2893 les
1576 2830 1668 2894 biens
1683 2829 1849 2910 spirituels
1868 2849 1930 2910 que
1945 2848 2027 2894 nous
2042 2850 2198 2896 reoevons

192 2928 255 2994 888
287 2932 369 2978 8888
402 2934 548 2997 pouvons
579 2937 661 2982 nous
690 2937 840 2983 asaeurer
868 2928 902 2983 et
928 2929 1015 2983 estre
1042 2919 1167 2983 rosolus
1220 2938 1281 3001 par
1301 2916 1333 2981 le
1356 2934 1475 3001 moyen
1498 2915 1539 2980 de
1561 2925 1670 2980 nostre
1689 2913 1853 2999 Seigneur
1869 2913 1963 2978 Iesus
1979 2914 2093 2980 (118181
2114 2937 2198 2999 pour

192 3014 256 3079 que
284 3018 368 3063 nous
398 3019 510 3066 serons
538 3003 738 3085 partieipans
766 3003 806 3068 de
834 3003 867 3068 la
893 3004 995 3087 gleire
1011 3003 1057 3068 de
1081 3003 1166 3070 Dieu
1220 3003 1376 3086 parvenir
1398 3010 1419 3067 8
1440 3001 1473 3065 18
1487 3002 1541 3066 vie
1558 3000 1686 3078 8818818,
1710 3010 1785 3066 8881
1806 3005 1840 3066 81
1862 3002 2040 3083 prooedent
2055 3001 2096 3066 de
2110 3012 2198 3068 oests

191 3101 252 3166 ptr
280 3103 318 3148 oe
345 3105 478 3169 moyen,
511 3099 544 3151 et
573 3089 847 3174 qu’auiourd'huy
873 3109 955 3154 8888
977 3091 1096 3154 vivona
1124 3112 1165 3156 88
1219 3089 1366 3153 fontaine
1392 3087 1432 3152 de
1461 3086 1493 3152 la
1521 3107 1651 3171 sagesse
1679 3085 1995 3170 inoomprehensible
2025 3087 2065 3151 de
2094 3087 2196 3152 Dieu:

191 3174 304 3234 nostre
327 3169 488 3253 seigneur
510 3172 602 3239 lesus
625 3174 759 3240 Christ?
803 3176 939 3241 Comme
969 3178 1055 3241 aussi
1085 3176 1108 3240 il
1135 3176 1166 3241 18
1218 3174 1295 3257 8811
1320 3177 1404 3239 n'est
1425 3194 1484 3257 pas
1507 3175 1657 3255 question
1681 3174 1723 3239 181
1741 3172 1926 3255 d’apporter
1948 3192 2013 3237 888
2034 3172 2108 3237 18118
2126 3193 2198 3256 pre·

190 3253 255 3339 tit,
283 3253 416 3322 (1881188
446 3279 539 3340 vous,
571 3281 626 3325 oar
655 3281 781 3326 somme
807 3262 839 3325 ia
869 3262 916 3344 vi,
950 3282 1034 3327 vous
1057 3263 1166 3327 vivren
1218 3260 1393 3342 sompti0n‚
1425 3279 1508 3342 pour
1536 3258 1615 3338 dire,
1646 3260 1682 3323 Ie
1707 3279 1843 3342 soauray
1865 3279 1902 3324 88
1924 3260 1980 3342 881
2002 3279 2043 3323 88
2065 3269 2133 3323 est:
2163 3264 2198 3324 81

190 3349 294 3422 quant
325 3351 359 3408 et
391 3353 502 3427 quant.
551 3345 631 3412 Oela
659 3345 766 3433 (di-ie)
797 3347 957 3430 poema-il
985 3357 1098 3412 entrer
1124 3369 1166 3413 en
1218 3347 1291 3430 puis
1324 3347 1354 3410 ie
1387 3365 1507 3429 verray
1536 3365 1572 3410 oe
1604 3347 1660 3428 881
1693 3365 1746 3409 me
1779 3344 1892 3427 plaira.
1943 3344 2196 3410 Gardons-nous

190 3442 259 3492 une
279 3427 309 3492 si
330 3430 432 3511 petite
459 3452 590 3498 mesore
610 3451 738 3498 oomme
759 3446 809 3499 881
831 3447 941 3497 nostre
962 3434 1072 3498 raison
1095 3454 1167 3498 sen·
1219 3432 1301 3497 dono
1330 3431 1428 3496 d’une
1457 3431 1533 3495 telle
1563 3431 1802 3514 presumption:
1831 3449 1887 3496 oar
1908 3434 1988 3496 o’est
2011 3450 2093 3513 pour
2114 3452 2196 3496 nous

189 3512 316 3579 tuelle?
350 3514 597 3584 1188188818
621 3539 780 3602 qusnon.
818 3519 864 3583 Et
886 3519 974 3584 voilt
997 3539 1166 3604 pourquoy
1217 3516 1337 3583 rendre
1359 3516 1511 3602 indignes
1534 3515 1573 3581 de
1596 3538 1633 3583 oe
1654 3525 1798 3603 mystere
1821 3517 1861 3580 de
1884 3517 1948 3600 loy,
1967 3515 2117 3581 d’autant
2134 3537 2196 3599 888

190 3596 359 3686 bsauooup
388 3602 428 3668 de
457 3625 538 3687 gens
569 3625 610 3669 ne
636 3614 781 3688 peuvent
811 3608 955 3669 reoevoir
982 3625 1019 3669 88
1047 3608 1165 3689 poinot,
1217 3607 1295 3668 o'ast
1330 3624 1395 3668 une
1427 3613 1582 3669 sentenoe
1608 3605 1662 3686 qui
1696 3612 1841 3685 emporte
1870 3624 1915 3667 88
1945 3602 2051 3687 grand
2080 3611 2195 3668 seoret.

190 3705 253 3771 888
281 3706 367 3753 8888
395 3709 533 3756 sommas
562 3690 655 3756 ohair
681 3690 836 3755 (1818888
860 3689 973 3767 Ohrist
1001 3701 1035 3754 et
1067 3713 1102 3756 os
1126 3691 1165 3755 de
1218 3689 1317 3755 Voilt
1331 3688 1439 3775 (di-ie)
1461 3710 1520 3771 par
1542 3688 1618 3771 quel
1643 3688 1721 3754 bout
1741 3689 1764 3753 il
1787 3709 1871 3752 nous
1888 3688 1962 3754 faut
1982 3708 2195 3768 oommeneer,

190 3792 244 3840 tet
267 3791 321 3836 os:
351 3784 384 3838 et
412 3797 447 3840 88
474 3785 664 3842 8881881881
695 3776 911 3859 1188888118
933 3789 1076 3859 peuvent
1099 3773 1165 3841 lari-
1217 3773 2195 3857 81888888818888881888801118188888881188181

189 3857 359 3944 natiquer,
388 3863 444 3944 qui
472 3877 522 3927 881
552 3884 634 3946 pour
663 3864 813 3927 aneantir
835 3862 868 3926 la
889 3883 985 3946 graue
1008 3863 1047 3927 de
1071 3862 1165 3943 Dieu,
1218 3880 1300 3927 nous
1323 3861 1470 3926 desirons
1492 3869 1578 3925 estre
1599 3861 1800 3945 participans
1823 3861 1863 3924 de
1881 3868 1989 3924 tontes
2005 3881 2056 3925 ses
2071 3878 2194 3943 grates,

190 3943 330 4030 laquelle
350 3949 456 4013 sainot
470 3949 555 4014 Paul
572 3947 626 4013 n¹a
644 3967 707 4031 pen
723 3948 902 4030 exprimer:
927 3949 1010 4012 mais
1025 3948 1166 4032 plustost
1216 3967 1280 4029 888
1302 3968 1384 4012 8888
1406 3946 1577 4030 8888111888
1606 3967 1668 4029 888
1691 3946 1777 4011 Dieu
1800 3967 1819 4010 a
1842 3946 2010 4010 tellement
2032 3947 2196 4029 besougne

190 4051 211 4097 8
230 4038 380 4097 monstrt
409 4033 528 4117 qu’elle
558 4055 638 4100 nous
660 4034 728 4100 doit
750 4035 840 4099 ravir
860 4055 902 4098 en
926 4044 1163 4098 estonnement.
1216 4054 1256 4097 en
1280 4044 1391 4098 nostre
1414 4032 1511 4110 salut,
1534 4052 1596 4115 que
1618 4033 1698 4097 o’est
1720 4054 1764 4097 un
1781 4042 1942 4115 mystere:
1964 4052 2089 4096 oomme
2105 4031 2195 4095 dosia

189 4115 365 4202 Boaueoup
386 4118 469 4187 dono
490 4131 608 4186 auront
629 4142 694 4185 une
716 4140 834 4203 penses
851 4120 965 4203 volage
989 4130 1021 4184 et
1038 4140 1164 4185 oomme
1217 4138 1299 4183 nous
1328 4138 1432 4183 avons
1460 4117 1588 4202 allegue
1620 4119 1652 4183 le
1685 4137 1821 4201 passage
1852 4117 1892 4182 de
1921 4116 2105 4195 Timotheo,
2139 4116 2194 4183 Un

188 4204 336 4288 profane,
364 4226 426 4288 888
453 4227 535 4270 8888
562 4226 705 4271 sommea
731 4206 893 4272 ooniointa
915 4214 936 4271 11
958 4213 1069 4271 nostre
1092 4205 1163 4272 Sei·
1216 4204 1320 4288 grand
1344 4211 1456 4281 secret,
1480 4203 1528 4268 dit
1549 4203 1657 4270 881881
1676 4203 1775 4269 Paul:
1799 4205 1878 4268 o'est
1900 4224 1961 4285 que
1976 4202 2063 4268 Dieu
2086 4209 2195 4267 88818

189 4308 297 4375 gnaur
318 4290 413 4357 iesus
435 4291 558 4370 (118181,
590 4296 668 4357 8’881
690 4289 712 4356 d.
733 4293 813 4376 dire,
842 4312 905 4374 que
928 4312 988 4374 par
1009 4312 1046 4356 sa
1068 4310 1165 4375 graoe
1216 4292 1388 4356 manifeste
1409 4312 1450 4354 88
1472 4289 1573 4355 ohair.
1608 4290 1673 4357 Car
1693 4289 1800 4372 quelle
1823 4289 1968 4355 distanoe
1988 4288 2085 4374 ya·il
2100 4295 2194 4353 entre

188 4376 319 4442 ilnous
347 4398 458 4443 seuve.
502 4376 590 4442 Mais
611 4378 805 4443 l’Esoriture
825 4386 928 4460 ’passe
955 4377 1029 4459 plus
1051 4387 1164 4442 outre:
1216 4377 1303 4441 Dieu
1332 4387 1366 4441 et
1393 4374 1569 4441 l'homms?
1615 4376 1704 4441 Nous
1735 4396 1778 4440 88
1799 4396 1940 4440 sommas
1963 4396 2025 4458 que
2048 4375 2194 4440 vermine

188 4471 222 4527 81
242 4462 353 4546 quand
375 4462 400 4527 il
415 4462 472 4547 n’y
487 4465 594 4529 auroit
609 4484 670 4548 888
685 4484 722 4529 88
741 4474 816 4543 mot,
839 4463 893 4530 Un
909 4463 990 4527 haut
1005 4473 1163 4549 mystere:
1216 4472 1249 4527 et
1278 4462 1475 4546 pourriture‚
1508 4472 1543 4526 81
1570 4461 1603 4526 18
1622 4456 1768 4527 ¹heiaste
1797 4461 1837 4526 de
1859 4459 1947 4526 Dieu
1970 4472 2021 4526 eat
2042 4462 2070 4526 si
2094 4461 2195 4525 haute

189 4550 426 4631 gordonsnous
452 4550 493 4614 de
514 4550 641 4615 vouloir
669 4548 790 4615 limiter
818 4550 887 4614 oela
915 4556 1069 4614 anostra
1091 4549 1163 4614 lan·
1216 4548 1294 4632 qu’il
1326 4551 1410 4614 n'eat
1439 4569 1498 4630 pas
1526 4549 1674 4631 question
1705 4547 1746 4611 de
1768 4547 1839 4612 dire
1861 4568 1898 4612 88
1920 4547 1977 4629 881
1999 4569 2038 4612 88
2064 4558 2122 4625 881,
2152 4567 2194 4611 88

189 4635 285 4700 188181
318 4655 375 4702 oar
396 4634 473 4701 o'est
494 4648 609 4700 881881
631 4654 757 4700 oomme
778 4635 804 4700 si
828 4654 912 4700 nous
935 4635 1086 4700 voulious
1108 4635 1162 4700 de·
1215 4634 1290 4699 d’en
1320 4654 1440 4717 pensor
1467 4633 1499 4698 la
1528 4635 1689 4699 oentieme
1718 4633 1837 4715 partio:
1871 4633 1954 4696 mais
1981 4632 2006 4696 il
2035 4632 2193 4714 1881888

187 4719 310 4785 mentir
330 4723 435 4786 881881
450 4721 543 4785 Paul.
577 4723 666 4787 'Pous
688 4743 771 4789 oeux
790 4722 844 4802 qui
867 4722 1061 4803 mesprisent
1075 4727 1163 4785 88818
1215 4739 1299 4785 8888
1330 4738 1449 4803 soyons
1477 4718 1521 4783 du
1551 4729 1626 4786 tout
1656 4725 1743 4785 ravis
1767 4739 1807 4782 en
1830 4726 2067 4783 estonnement.
2111 4717 2193 4781 Puis

187 4807 392 4872 toniouotion
423 4807 604 4890 spirituelle
631 4827 694 4890 888
720 4827 802 4872 8888
825 4827 927 4871 avons
949 4826 1030 4872 aveo
1052 4816 1163 4871 nostre
1214 4806 1355 4887 qu'ainsi
1377 4814 1428 4870 881
1450 4803 1619 4888 donoque
1641 4804 1729 4869 11188
1758 4807 1836 4868 s’ast
1857 4804 2000 4868 oonioint
2023 4802 2193 4867 tellement

187 4889 352 4975 Seipneur
374 4893 468 4959 Iesus
485 4893 609 4973 Christ,
631 4891 763 4958 veulent
783 4902 947 4958 monstror
969 4892 1047 4974 8811
1071 4896 1163 4975 n’ya
1214 4888 1350 4967 anuos,
1373 4889 1450 4974 8811
1473 4900 1525 4956 881
1546 4890 1577 4954 18
1598 4911 1681 4975 vray
1697 4889 1893 4954 Emmanuel
1916 4888 2018 4972 (ainsi
2042 4887 2118 4971 qu'il
2142 4895 2193 4951 881

186 4978 279 5060 point
300 4999 346 5044 nn
369 4989 475 5044 seoret
496 4983 530 5044 ni
553 4999 619 5043 888
640 4988 736 5045 vertu
759 4977 936 5043 admirable
955 4978 995 5043 de
1010 4976 1106 5058 Dieu,
1128 4978 1163 5043 ni
1215 4986 1345 5042 nomme
1365 4999 1407 5042 88
1429 4976 1540 5060 18818),
1562 4985 1680 5059 etque
1702 4996 1738 5041 ee
1760 4975 1818 5057 qui
1840 4975 1963 5040 semble
1985 4985 2072 5040 estre
2093 4975 2120 5038 si
2143 4994 2192 5038 es·

186 5062 259 5128 rien
280 5066 337 5149 qui
363 5065 435 5145 soit,
465 5085 591 5132 oomme
612 5084 695 5130 nous
716 5085 820 5150 oyons
843 5061 921 5148 qu'il
944 5084 1027 5129 nous
1048 5084 1090 5129 88
1112 5069 1163 5130 881
1214 5062 1334 5148 longne
1363 5062 1429 5127 l’un
1459 5063 1499 5127 de
1528 5063 1654 5143 l'autre,
1685 5071 1734 5127 est
1759 5061 1819 5126 uni
1845 5081 1887 5126 en
1914 5060 1946 5124 18
1968 5080 2130 5143 personne
2152 5056 2192 5124 ds

185 5146 228 5216 181
251 5151 352 5233 parlt.
385 5149 1161 5235 111118881881118811188811181811888888,
1214 5161 1325 5215 nostre
1348 5147 1512 5233 Seigneur
1530 5147 1623 5215 Iesus
1642 5147 1773 5214 Christ:
1796 5167 1858 5230 888
1881 5147 1920 5212 de
1942 5146 1977 5212 la
1997 5146 2086 5212 aussi
2108 5165 2192 5211 8888

186 5239 207 5299 t
235 5237 282 5301 118
311 5235 353 5304 de
382 5257 467 5321 8888
500 5235 668 5317 humilier,
701 5245 735 5301 81
757 5235 798 5301 de
819 5256 903 5302 8888
935 5236 1061 5302 oslsvar
1087 5237 1161 5321 puis
1213 5234 1414 5321 oonoluyons
1442 5233 1516 5319 8811
1545 5236 1604 5320 n'y
1632 5252 1743 5317 8888
1772 5243 1932 5318 mysteres
1952 5243 1986 5297 st
2007 5242 2129 5300 seoreta
2148 5250 2191 5296 sn
