<?xml version="1.0" encoding="UTF-8"?>
<!DOCTYPE html PUBLIC "-//W3C//DTD XHTML 1.0 Transitional//EN"
    "http://www.w3.org/TR/xhtml1/DTD/xhtml1-transitional.dtd">
<html xmlns="http://www.w3.org/1999/xhtml" xml:lang="en" lang="en">
 <head>
  <title>
</title>
<meta http-equiv="Content-Type" content="text/html;charset=utf-8" />
  <meta name='ocr-system' content='tesseract 3.04.00' />
  <meta name='ocr-capabilities' content='ocr_page ocr_carea ocr_par ocr_line ocrx_word'/>
</head>
<body>
  <div class='ocr_page' id='page_1' title='image "./ioanniscalvinio00calvgoog_0464.png"; bbox 0 0 4762 6016; ppageno 0'>
   <div class='ocr_carea' id='block_1_1' title="bbox 174 1585 2197 1771">
    <p class='ocr_par' dir='ltr' id='par_1_1' title="bbox 174 1585 2197 1771">
     <span class='ocr_line' id='line_1_1' title="bbox 174 1585 2196 1687; baseline 0.001 -22"><span class='ocrx_word' id='word_1_1' title='bbox 174 1676 176 1681; x_wconf 22' lang='lat'><strong>¹</strong></span> <span class='ocrx_word' id='word_1_2' title='bbox 273 1585 386 1668; x_wconf 72' lang='lat' dir='ltr'><strong>Mein</strong></span> <span class='ocrx_word' id='word_1_3' title='bbox 407 1619 484 1687; x_wconf 78' lang='lat' dir='ltr'><strong>pers</strong></span> <span class='ocrx_word' id='word_1_4' title='bbox 499 1598 598 1667; x_wconf 90' lang='lat' dir='ltr'><strong>huius</strong></span> <span class='ocrx_word' id='word_1_5' title='bbox 621 1595 775 1686; x_wconf 75' lang='lat' dir='ltr'><strong>epistolae</strong></span> <span class='ocrx_word' id='word_1_6' title='bbox 789 1592 1071 1666; x_wconf 86' lang='lat' dir='ltr'><strong>exhortutionihus</strong></span> <span class='ocrx_word' id='word_1_7' title='bbox 1092 1617 1168 1665; x_wconf 92' lang='lat' dir='ltr'><strong>oon·</strong></span> <span class='ocrx_word' id='word_1_8' title='bbox 1219 1597 1435 1666; x_wconf 85' lang='lat' dir='ltr'><strong>oommendot.</strong></span> <span class='ocrx_word' id='word_1_9' title='bbox 1479 1595 1551 1665; x_wconf 85' lang='lat' dir='ltr'><strong>Sub</strong></span> <span class='ocrx_word' id='word_1_10' title='bbox 1571 1597 1671 1665; x_wconf 85' lang='lat' dir='ltr'><strong>finem</strong></span> <span class='ocrx_word' id='word_1_11' title='bbox 1686 1618 1766 1666; x_wconf 79' lang='lat' dir='ltr'><strong>vero</strong></span> <span class='ocrx_word' id='word_1_12' title='bbox 1787 1599 2010 1684; x_wconf 74' lang='lat' dir='ltr'><strong>quaestionem</strong></span> <span class='ocrx_word' id='word_1_13' title='bbox 2026 1599 2067 1667; x_wconf 88' lang='lat' dir='ltr'><strong>de</strong></span> <span class='ocrx_word' id='word_1_14' title='bbox 2088 1621 2196 1668; x_wconf 84' lang='lat' dir='ltr'><strong>resur-</strong></span> 
     </span>
     <span class='ocr_line' id='line_1_2' title="bbox 186 1682 2197 1771; baseline 0.001 -19"><span class='ocrx_word' id='word_1_15' title='bbox 186 1684 263 1744; x_wconf 67' lang='lat' dir='ltr'><strong>M·</strong></span> <span class='ocrx_word' id='word_1_16' title='bbox 309 1684 621 1754; x_wconf 79' lang='lat' dir='ltr'><strong>&#39;l&#39;hessulonioenses</strong></span> <span class='ocrx_word' id='word_1_17' title='bbox 648 1686 838 1752; x_wconf 74' lang='lat' dir='ltr'><strong>instituerat</strong></span> <span class='ocrx_word' id='word_1_18' title='bbox 866 1682 992 1751; x_wconf 86' lang='lat' dir='ltr'><strong>Psulus</strong></span> <span class='ocrx_word' id='word_1_19' title='bbox 1016 1686 1051 1749; x_wconf 91' lang='lat' dir='ltr'><strong>iu</strong></span> <span class='ocrx_word' id='word_1_20' title='bbox 1078 1692 1167 1751; x_wconf 80' lang='lat' dir='ltr'><strong>reete</strong></span> <span class='ocrx_word' id='word_1_21' title='bbox 1219 1683 1365 1752; x_wconf 89' lang='lat' dir='ltr'><strong>reotione</strong></span> <span class='ocrx_word' id='word_1_22' title='bbox 1400 1682 1551 1769; x_wconf 75' lang='lat' dir='ltr'><strong>attingit:</strong></span> <span class='ocrx_word' id='word_1_23' title='bbox 1588 1682 1645 1751; x_wconf 90' lang='lat' dir='ltr'><strong>uhi</strong></span> <span class='ocrx_word' id='word_1_24' title='bbox 1682 1684 1826 1752; x_wconf 83' lang='lat' dir='ltr'><strong>deoleret</strong></span> <span class='ocrx_word' id='word_1_25' title='bbox 1858 1684 2000 1771; x_wconf 86' lang='lat' dir='ltr'><strong>queliter</strong></span> <span class='ocrx_word' id='word_1_26' title='bbox 2031 1686 2197 1754; x_wconf 84' lang='lat' dir='ltr'><strong>exeitendi</strong></span> 
     </span>
    </p>
   </div>
   <div class='ocr_carea' id='block_1_2' title="bbox 184 1762 2198 1920">
    <p class='ocr_par' dir='ltr' id='par_1_2' title="bbox 184 1762 2198 1920">
     <span class='ocr_line' id='line_1_3' title="bbox 184 1762 2198 1920; baseline 0.006 -92"><span class='ocrx_word' id='word_1_27' title='bbox 184 1762 265 1840; x_wconf 55' lang='lat' dir='ltr'><strong>tide„</strong></span> <span class='ocrx_word' id='word_1_28' title='bbox 310 1771 423 1854; x_wconf 80' lang='lat' dir='ltr'><strong>Quum</strong></span> <span class='ocrx_word' id='word_1_29' title='bbox 446 1782 556 1840; x_wconf 86' lang='lat' dir='ltr'><strong>sutem</strong></span> <span class='ocrx_word' id='word_1_30' title='bbox 571 1775 840 1857; x_wconf 74' lang='lat' dir='ltr'><strong>persequutiones</strong></span> <span class='ocrx_word' id='word_1_31' title='bbox 861 1769 927 1837; x_wconf 89' lang='lat' dir='ltr'><strong>illie</strong></span> <span class='ocrx_word' id='word_1_32' title='bbox 945 1789 1090 1920; x_wconf 57' lang='lat' dir='ltr'><strong>grown</strong></span> <span class='ocrx_word' id='word_1_33' title='bbox 1111 1791 1168 1836; x_wconf 87' lang='lat' dir='ltr'><strong>uu·</strong></span> <span class='ocrx_word' id='word_1_34' title='bbox 1219 1771 1324 1837; x_wconf 92' lang='lat' dir='ltr'><strong>simus</strong></span> <span class='ocrx_word' id='word_1_35' title='bbox 1344 1789 1459 1838; x_wconf 90' lang='lat' dir='ltr'><strong>omnes</strong></span> <span class='ocrx_word' id='word_1_36' title='bbox 1480 1790 1502 1836; x_wconf 85' lang='lat' dir='ltr'><strong>o</strong></span> <span class='ocrx_word' id='word_1_37' title='bbox 1521 1779 1638 1837; x_wconf 86' lang='lat' dir='ltr'><strong>morte.</strong></span> <span class='ocrx_word' id='word_1_38' title='bbox 1680 1769 1779 1838; x_wconf 82' lang='lat' dir='ltr'><strong>Unde</strong></span> <span class='ocrx_word' id='word_1_39' title='bbox 1794 1779 1939 1857; x_wconf 76' lang='lat' dir='ltr'><strong>apparet,</strong></span> <span class='ocrx_word' id='word_1_40' title='bbox 1960 1770 2061 1840; x_wconf 77' lang='lat' dir='ltr'><strong>tuisse</strong></span> <span class='ocrx_word' id='word_1_41' title='bbox 2078 1772 2198 1859; x_wconf 84' lang='lat' dir='ltr'><strong>impios</strong></span> 
     </span>
    </p>
   </div>
   <div class='ocr_carea' id='block_1_3' title="bbox 185 1846 2197 1943">
    <p class='ocr_par' dir='ltr' id='par_1_3' title="bbox 185 1846 2197 1943">
     <span class='ocr_line' id='line_1_4' title="bbox 185 1846 2197 1943; baseline 0 -18"><span class='ocrx_word' id='word_1_42' title='bbox 185 1846 287 1943; x_wconf 72' lang='lat' dir='ltr'><strong>thret,</strong></span> <span class='ocrx_word' id='word_1_43' title='bbox 320 1857 533 1926; x_wconf 65' lang='lat' dir='ltr'><strong>Timotheum</strong></span> <span class='ocrx_word' id='word_1_44' title='bbox 565 1858 714 1937; x_wconf 85' lang='lat' dir='ltr'><strong>miseret,</strong></span> <span class='ocrx_word' id='word_1_45' title='bbox 748 1859 805 1942; x_wconf 90' lang='lat' dir='ltr'><strong>qni</strong></span> <span class='ocrx_word' id='word_1_46' title='bbox 837 1876 892 1922; x_wconf 87' lang='lat' dir='ltr'><strong>eos</strong></span> <span class='ocrx_word' id='word_1_47' title='bbox 925 1876 944 1923; x_wconf 85' lang='lat' dir='ltr'><strong>s</strong></span> <span class='ocrx_word' id='word_1_48' title='bbox 1036 1863 1166 1922; x_wconf 84' lang='lat' dir='ltr'><strong>rtsmon</strong></span> <span class='ocrx_word' id='word_1_49' title='bbox 1218 1854 1367 1923; x_wconf 86' lang='lat' dir='ltr'><strong>homiues</strong></span> <span class='ocrx_word' id='word_1_50' title='bbox 1389 1864 1447 1922; x_wconf 87' lang='lat' dir='ltr'><strong>unt</strong></span> <span class='ocrx_word' id='word_1_51' title='bbox 1475 1855 1565 1925; x_wconf 86' lang='lat' dir='ltr'><strong>leves</strong></span> <span class='ocrx_word' id='word_1_52' title='bbox 1586 1857 1640 1941; x_wconf 85' lang='lat' dir='ltr'><strong>qui</strong></span> <span class='ocrx_word' id='word_1_53' title='bbox 1662 1857 1850 1941; x_wconf 83' lang='lat' dir='ltr'><strong>importune</strong></span> <span class='ocrx_word' id='word_1_54' title='bbox 1881 1856 1986 1924; x_wconf 83' lang='lat' dir='ltr'><strong>multe</strong></span> <span class='ocrx_word' id='word_1_55' title='bbox 2006 1857 2125 1926; x_wconf 81' lang='lat' dir='ltr'><strong>frivole</strong></span> <span class='ocrx_word' id='word_1_56' title='bbox 2145 1858 2197 1925; x_wconf 94' lang='lat' dir='ltr'><strong>iu·</strong></span> 
     </span>
    </p>
   </div>
   <div class='ocr_carea' id='block_1_4' title="bbox 180 1941 2198 2116">
    <p class='ocr_par' dir='ltr' id='par_1_4' title="bbox 180 1941 2198 2116">
     <span class='ocr_line' id='line_1_5' title="bbox 180 1941 2198 2045; baseline 0 -32"><span class='ocrx_word' id='word_1_57' title='bbox 180 1945 364 2029; x_wconf 71' lang='lat' dir='ltr'><strong>unimeret,</strong></span> <span class='ocrx_word' id='word_1_58' title='bbox 385 1965 429 2011; x_wconf 88' lang='lat' dir='ltr'><strong>ne</strong></span> <span class='ocrx_word' id='word_1_59' title='bbox 450 1953 541 2011; x_wconf 85' lang='lat' dir='ltr'><strong>metu</strong></span> <span class='ocrx_word' id='word_1_60' title='bbox 564 1944 766 2011; x_wconf 78' lang='lat' dir='ltr'><strong>tetisoerent:</strong></span> <span class='ocrx_word' id='word_1_61' title='bbox 789 1950 827 2008; x_wconf 91' lang='lat' dir='ltr'><strong>ut</strong></span> <span class='ocrx_word' id='word_1_62' title='bbox 849 1946 900 2043; x_wconf 79' lang='lat' dir='ltr'><strong>est</strong></span> <span class='ocrx_word' id='word_1_63' title='bbox 924 1941 1094 2008; x_wconf 91' lang='lat' dir='ltr'><strong>hominum</strong></span> <span class='ocrx_word' id='word_1_64' title='bbox 1119 1943 1169 2007; x_wconf 92' lang='lat' dir='ltr'><strong>in·</strong></span> <span class='ocrx_word' id='word_1_65' title='bbox 1218 1942 1369 2041; x_wconf 78' lang='lat' dir='ltr'><strong>gerendo¹</strong></span> <span class='ocrx_word' id='word_1_66' title='bbox 1383 1941 1482 2008; x_wconf 85' lang='lat' dir='ltr'><strong>fidem</strong></span> <span class='ocrx_word' id='word_1_67' title='bbox 1503 1942 1831 2045; x_wconf 76' lang='lat' dir='ltr'><strong>eorumlohefeotere</strong></span> <span class='ocrx_word' id='word_1_68' title='bbox 1853 1951 2028 2044; x_wconf 72' lang='lat' dir='ltr'><strong>tentarent</strong></span> <span class='ocrx_word' id='word_1_69' title='bbox 2084 1943 2198 2027; x_wconf 72' lang='lat' dir='ltr'><strong>Quare</strong></span> 
     </span>
     <span class='ocr_line' id='line_1_6' title="bbox 187 2026 2198 2116; baseline -0 -18"><span class='ocrx_word' id='word_1_70' title='bbox 187 2031 338 2099; x_wconf 76' lang='lat' dir='ltr'><strong>firmitus.</strong></span> <span class='ocrx_word' id='word_1_71' title='bbox 389 2030 590 2097; x_wconf 77' lang='lat' dir='ltr'><strong>Admonitus</strong></span> <span class='ocrx_word' id='word_1_72' title='bbox 622 2037 736 2116; x_wconf 80' lang='lat' dir='ltr'><strong>posteo</strong></span> <span class='ocrx_word' id='word_1_73' title='bbox 768 2051 787 2095; x_wconf 83' lang='lat' dir='ltr'><strong>e</strong></span> <span class='ocrx_word' id='word_1_74' title='bbox 819 2026 993 2094; x_wconf 77' lang='lat' dir='ltr'><strong>&#39;lhmotheo</strong></span> <span class='ocrx_word' id='word_1_75' title='bbox 1025 2029 1065 2093; x_wconf 87' lang='lat' dir='ltr'><strong>de</strong></span> <span class='ocrx_word' id='word_1_76' title='bbox 1098 2035 1167 2094; x_wconf 90' lang='lat' dir='ltr'><strong>toto</strong></span> <span class='ocrx_word' id='word_1_77' title='bbox 1219 2037 1256 2095; x_wconf 89' lang='lat' dir='ltr'><strong>ut</strong></span> <span class='ocrx_word' id='word_1_78' title='bbox 1276 2027 1389 2095; x_wconf 81' lang='lat' dir='ltr'><strong>stultus</strong></span> <span class='ocrx_word' id='word_1_79' title='bbox 1411 2048 1451 2096; x_wconf 81' lang='lat' dir='ltr'><strong>uo</strong></span> <span class='ocrx_word' id='word_1_80' title='bbox 1471 2029 1648 2113; x_wconf 84' lang='lat' dir='ltr'><strong>superflurs</strong></span> <span class='ocrx_word' id='word_1_81' title='bbox 1670 2028 1947 2112; x_wconf 82' lang='lat' dir='ltr'><strong>dusputetrombus</strong></span> <span class='ocrx_word' id='word_1_82' title='bbox 1969 2050 2083 2097; x_wconf 84' lang='lat' dir='ltr'><strong>ensem</strong></span> <span class='ocrx_word' id='word_1_83' title='bbox 2106 2052 2198 2115; x_wconf 83' lang='lat' dir='ltr'><strong>proe-</strong></span> 
     </span>
    </p>
   </div>
   <div class='ocr_carea' id='block_1_5' title="bbox 184 2113 2198 2631">
    <p class='ocr_par' dir='ltr' id='par_1_5' title="bbox 184 2113 2198 2631">
     <span class='ocr_line' id='line_1_7' title="bbox 188 2113 2198 2203; baseline -0 -19"><span class='ocrx_word' id='word_1_84' title='bbox 188 2137 302 2184; x_wconf 87' lang='lat' dir='ltr'><strong>eorum</strong></span> <span class='ocrx_word' id='word_1_85' title='bbox 324 2123 427 2203; x_wconf 85' lang='lat' dir='ltr'><strong>stetu,</strong></span> <span class='ocrx_word' id='word_1_86' title='bbox 448 2115 550 2183; x_wconf 71' lang='lat' dir='ltr'><strong>seriis</strong></span> <span class='ocrx_word' id='word_1_87' title='bbox 571 2116 774 2202; x_wconf 75' lang='lat' dir='ltr'><strong>argumentis</strong></span> <span class='ocrx_word' id='word_1_88' title='bbox 796 2115 883 2199; x_wconf 84' lang='lat' dir='ltr'><strong>ipsos</strong></span> <span class='ocrx_word' id='word_1_89' title='bbox 900 2115 1070 2181; x_wconf 84' lang='lat' dir='ltr'><strong>oonhrmst</strong></span> <span class='ocrx_word' id='word_1_90' title='bbox 1093 2122 1166 2179; x_wconf 93' lang='lat' dir='ltr'><strong>tum</strong></span> <span class='ocrx_word' id='word_1_91' title='bbox 1219 2115 1314 2194; x_wconf 87' lang='lat' dir='ltr'><strong>oidut,</strong></span> <span class='ocrx_word' id='word_1_92' title='bbox 1332 2113 1478 2180; x_wconf 82' lang='lat' dir='ltr'><strong>brevitor</strong></span> <span class='ocrx_word' id='word_1_93' title='bbox 1492 2113 1594 2180; x_wconf 82' lang='lat' dir='ltr'><strong>trudit</strong></span> <span class='ocrx_word' id='word_1_94' title='bbox 1608 2113 1686 2200; x_wconf 85' lang='lat' dir='ltr'><strong>quid</strong></span> <span class='ocrx_word' id='word_1_95' title='bbox 1703 2114 1826 2183; x_wconf 89' lang='lat' dir='ltr'><strong>sentire</strong></span> <span class='ocrx_word' id='word_1_96' title='bbox 1841 2113 1989 2182; x_wconf 73' lang='lat' dir='ltr'><strong>debeant.</strong></span> <span class='ocrx_word' id='word_1_97' title='bbox 2022 2117 2069 2183; x_wconf 78' lang='lat' dir='ltr'><strong>lit</strong></span> <span class='ocrx_word' id='word_1_98' title='bbox 2083 2117 2198 2200; x_wconf 88' lang='lat' dir='ltr'><strong>quinto</strong></span> 
     </span>
     <span class='ocr_line' id='line_1_8' title="bbox 186 2199 2198 2286; baseline -0 -15"><span class='ocrx_word' id='word_1_99' title='bbox 186 2201 229 2271; x_wconf 77' lang='lat' dir='ltr'><strong>sd</strong></span> <span class='ocrx_word' id='word_1_100' title='bbox 251 2204 470 2271; x_wconf 87' lang='lat' dir='ltr'><strong>oonsteutism</strong></span> <span class='ocrx_word' id='word_1_101' title='bbox 492 2202 581 2286; x_wconf 85' lang='lat' dir='ltr'><strong>fidei,</strong></span> <span class='ocrx_word' id='word_1_102' title='bbox 612 2210 685 2268; x_wconf 87' lang='lat' dir='ltr'><strong>tum</strong></span> <span class='ocrx_word' id='word_1_103' title='bbox 714 2201 755 2268; x_wconf 85' lang='lat' dir='ltr'><strong>sd</strong></span> <span class='ocrx_word' id='word_1_104' title='bbox 777 2200 997 2280; x_wconf 80' lang='lat' dir='ltr'><strong>tolerantium,</strong></span> <span class='ocrx_word' id='word_1_105' title='bbox 1031 2199 1059 2267; x_wconf 92' lang='lat' dir='ltr'><strong>si</strong></span> <span class='ocrx_word' id='word_1_106' title='bbox 1088 2200 1165 2283; x_wconf 88' lang='lat' dir='ltr'><strong>quid</strong></span> <span class='ocrx_word' id='word_1_107' title='bbox 1219 2201 1324 2286; x_wconf 82' lang='lat' dir='ltr'><strong>sepite</strong></span> <span class='ocrx_word' id='word_1_108' title='bbox 1351 2201 1498 2267; x_wconf 88' lang='lat' dir='ltr'><strong>severius</strong></span> <span class='ocrx_word' id='word_1_109' title='bbox 1533 2201 1716 2267; x_wconf 74' lang='lat' dir='ltr'><strong>etiamnum</strong></span> <span class='ocrx_word' id='word_1_110' title='bbox 1744 2200 1899 2285; x_wconf 87' lang='lat' dir='ltr'><strong>prohihet</strong></span> <span class='ocrx_word' id='word_1_111' title='bbox 1928 2200 1968 2268; x_wconf 81' lang='lat' dir='ltr'><strong>de</strong></span> <span class='ocrx_word' id='word_1_112' title='bbox 1994 2200 2198 2270; x_wconf 80' lang='lat' dir='ltr'><strong>tenoribus</strong></span> 
     </span>
     <span class='ocr_line' id='line_1_9' title="bbox 184 2284 2197 2375; baseline -0 -19"><span class='ocrx_word' id='word_1_113' title='bbox 184 2308 248 2375; x_wconf 81' lang='lat' dir='ltr'><strong>pro</strong></span> <span class='ocrx_word' id='word_1_114' title='bbox 269 2288 432 2374; x_wconf 73' lang='lat' dir='ltr'><strong>evangelii</strong></span> <span class='ocrx_word' id='word_1_115' title='bbox 454 2288 641 2356; x_wconf 90' lang='lat' dir='ltr'><strong>testimonio</strong></span> <span class='ocrx_word' id='word_1_116' title='bbox 663 2286 835 2354; x_wconf 83' lang='lat' dir='ltr'><strong>ferendum</strong></span> <span class='ocrx_word' id='word_1_117' title='bbox 858 2287 909 2352; x_wconf 81' lang='lat' dir='ltr'><strong>sit</strong></span> <span class='ocrx_word' id='word_1_118' title='bbox 953 2284 1046 2351; x_wconf 87' lang='lat' dir='ltr'><strong>Hueo</strong></span> <span class='ocrx_word' id='word_1_119' title='bbox 1061 2286 1166 2351; x_wconf 90' lang='lat' dir='ltr'><strong>tribus</strong></span> <span class='ocrx_word' id='word_1_120' title='bbox 1218 2285 1398 2371; x_wconf 85' lang='lat' dir='ltr'><strong>inquirere:</strong></span> <span class='ocrx_word' id='word_1_121' title='bbox 1430 2285 1489 2353; x_wconf 88' lang='lat' dir='ltr'><strong>sod</strong></span> <span class='ocrx_word' id='word_1_122' title='bbox 1519 2295 1675 2371; x_wconf 83' lang='lat' dir='ltr'><strong>perpetuo</strong></span> <span class='ocrx_word' id='word_1_123' title='bbox 1705 2286 1908 2371; x_wconf 72' lang='lat' dir='ltr'><strong>uigilandum</strong></span> <span class='ocrx_word' id='word_1_124' title='bbox 1937 2307 2009 2355; x_wconf 88' lang='lat' dir='ltr'><strong>esse</strong></span> <span class='ocrx_word' id='word_1_125' title='bbox 2076 2295 2197 2367; x_wconf 82' lang='lat' dir='ltr'><strong>mouet,</strong></span> 
     </span>
     <span class='ocr_line' id='line_1_10' title="bbox 186 2369 2196 2460; baseline 0 -19"><span class='ocrx_word' id='word_1_126' title='bbox 186 2374 305 2460; x_wconf 78' lang='lat' dir='ltr'><strong>primis</strong></span> <span class='ocrx_word' id='word_1_127' title='bbox 318 2372 491 2458; x_wconf 86' lang='lat' dir='ltr'><strong>ospitihus.</strong></span> <span class='ocrx_word' id='word_1_128' title='bbox 529 2373 697 2457; x_wconf 86' lang='lat' dir='ltr'><strong>Prinoipio</strong></span> <span class='ocrx_word' id='word_1_129' title='bbox 713 2373 820 2458; x_wconf 82' lang='lat' dir='ltr'><strong>querti</strong></span> <span class='ocrx_word' id='word_1_130' title='bbox 837 2371 955 2455; x_wconf 86' lang='lat' dir='ltr'><strong>ospitis</strong></span> <span class='ocrx_word' id='word_1_131' title='bbox 970 2370 1167 2455; x_wconf 74' lang='lat' dir='ltr'><strong>generaliter</strong></span> <span class='ocrx_word' id='word_1_132' title='bbox 1219 2392 1261 2438; x_wconf 94' lang='lat' dir='ltr'><strong>ne</strong></span> <span class='ocrx_word' id='word_1_133' title='bbox 1282 2369 1388 2437; x_wconf 92' lang='lat' dir='ltr'><strong>subito</strong></span> <span class='ocrx_word' id='word_1_134' title='bbox 1410 2380 1444 2438; x_wconf 90' lang='lat' dir='ltr'><strong>et</strong></span> <span class='ocrx_word' id='word_1_135' title='bbox 1464 2372 1632 2457; x_wconf 72' lang='lat' dir='ltr'><strong>inopinato</strong></span> <span class='ocrx_word' id='word_1_136' title='bbox 1650 2371 1774 2440; x_wconf 77' lang='lat' dir='ltr'><strong>Christi</strong></span> <span class='ocrx_word' id='word_1_137' title='bbox 1796 2371 1940 2440; x_wconf 82' lang='lat' dir='ltr'><strong>sdreutu</strong></span> <span class='ocrx_word' id='word_1_138' title='bbox 1958 2375 2196 2460; x_wconf 84' lang='lat' dir='ltr'><strong>opprimentur.</strong></span> 
     </span>
     <span class='ocr_line' id='line_1_11' title="bbox 186 2455 2198 2545; baseline -0.001 -19"><span class='ocrx_word' id='word_1_139' title='bbox 186 2480 245 2526; x_wconf 87' lang='lat' dir='ltr'><strong>eos</strong></span> <span class='ocrx_word' id='word_1_140' title='bbox 266 2459 417 2525; x_wconf 82' lang='lat' dir='ltr'><strong>hortetur</strong></span> <span class='ocrx_word' id='word_1_141' title='bbox 444 2458 486 2527; x_wconf 82' lang='lat' dir='ltr'><strong>ed</strong></span> <span class='ocrx_word' id='word_1_142' title='bbox 507 2460 598 2525; x_wconf 81' lang='lat' dir='ltr'><strong>sitne</strong></span> <span class='ocrx_word' id='word_1_143' title='bbox 626 2460 848 2526; x_wconf 80' lang='lat' dir='ltr'><strong>senetitetemr</strong></span> <span class='ocrx_word' id='word_1_144' title='bbox 879 2455 996 2524; x_wconf 85' lang='lat' dir='ltr'><strong>deinde</strong></span> <span class='ocrx_word' id='word_1_145' title='bbox 1016 2465 1166 2523; x_wconf 84' lang='lat' dir='ltr'><strong>mutuum</strong></span> <span class='ocrx_word' id='word_1_146' title='bbox 1217 2456 1307 2525; x_wconf 86' lang='lat' dir='ltr'><strong>Hine</strong></span> <span class='ocrx_word' id='word_1_147' title='bbox 1336 2457 1504 2525; x_wconf 83' lang='lat' dir='ltr'><strong>deseendit</strong></span> <span class='ocrx_word' id='word_1_148' title='bbox 1535 2458 1577 2525; x_wconf 82' lang='lat' dir='ltr'><strong>ud</strong></span> <span class='ocrx_word' id='word_1_149' title='bbox 1607 2459 1716 2526; x_wconf 80' lang='lat' dir='ltr'><strong>verius</strong></span> <span class='ocrx_word' id='word_1_150' title='bbox 1737 2458 1999 2527; x_wconf 73' lang='lat' dir='ltr'><strong>exhortationes:</strong></span> <span class='ocrx_word' id='word_1_151' title='bbox 2032 2467 2129 2545; x_wconf 79' lang='lat' dir='ltr'><strong>etque</strong></span> <span class='ocrx_word' id='word_1_152' title='bbox 2151 2460 2198 2525; x_wconf 84' lang='lat' dir='ltr'><strong>ito</strong></span> 
     </span>
     <span class='ocr_line' id='line_1_12' title="bbox 186 2541 1545 2631; baseline -0.002 -19"><span class='ocrx_word' id='word_1_153' title='bbox 186 2544 459 2628; x_wconf 79' lang='lat' dir='ltr'><strong>benevolentium,</strong></span> <span class='ocrx_word' id='word_1_154' title='bbox 492 2550 527 2611; x_wconf 89' lang='lat' dir='ltr'><strong>et</strong></span> <span class='ocrx_word' id='word_1_155' title='bbox 559 2564 643 2631; x_wconf 84' lang='lat' dir='ltr'><strong>quse</strong></span> <span class='ocrx_word' id='word_1_156' title='bbox 675 2544 754 2611; x_wconf 86' lang='lat' dir='ltr'><strong>inde</strong></span> <span class='ocrx_word' id='word_1_157' title='bbox 786 2550 923 2611; x_wconf 77' lang='lat' dir='ltr'><strong>monent</strong></span> <span class='ocrx_word' id='word_1_158' title='bbox 951 2543 1068 2625; x_wconf 85' lang='lat' dir='ltr'><strong>offiois,</strong></span> <span class='ocrx_word' id='word_1_159' title='bbox 1100 2541 1167 2609; x_wconf 90' lang='lat' dir='ltr'><strong>illis</strong></span> <span class='ocrx_word' id='word_1_160' title='bbox 1217 2542 1340 2610; x_wconf 88' lang='lat' dir='ltr'><strong>olsudit</strong></span> <span class='ocrx_word' id='word_1_161' title='bbox 1363 2543 1545 2628; x_wconf 85' lang='lat' dir='ltr'><strong>epistolem.</strong></span> 
     </span>
    </p>
   </div>
   <div class='ocr_carea' id='block_1_6' title="bbox 0 0 2402 6016">
    <p class='ocr_par' dir='ltr' id='par_1_6' title="bbox 0 0 2402 6016">
     <span class='ocr_line' id='line_1_13' title="bbox 0 0 2402 6016; baseline 0 0"><span class='ocrx_word' id='word_1_162' title='bbox 0 0 2402 6016; x_wconf 95' lang='lat' dir='ltr'><strong> </strong></span> 
     </span>
    </p>
   </div>
  </div>
 </body>
</html>
