4762 6016
188 391 249 457 tot
706 381 849 450 EPIST.
873 383 1018 450 PAULI
1040 383 1105 450 AD
1128 382 1607 461 THESSALONICENSES
1629 384 1681 454 11.
2139 383 2206 450 192

189 592 348 650 venturus
376 581 433 646 sit:
464 581 563 645 finem
590 577 752 644 adventus
786 578 856 643 eius
886 597 1042 660 quaerere
1073 576 1168 644 debet
1218 579 1330 661 quitur
1352 578 1416 644 Dei
1446 584 1669 661 oontemptns,
1698 586 1731 644 et
1760 578 1892 646 tandem
1918 599 2016 646 mors.
2060 579 2135 662 Qus
2156 580 2204 649 de

188 670 279 735 fides.
331 667 396 734 Hie
426 686 523 748 porro
545 673 612 747 est,
643 675 680 730 ut
701 664 769 730 suis
792 662 947 730 adveniat
970 663 1166 745 redemptor,
1218 685 1255 730 re
1270 662 1366 747 plura
1381 663 1520 731 disserui
1543 666 1649 748 primo
1670 664 1777 748 ospite
1800 664 1918 747 prioris
1939 663 1981 731 ad
1996 665 2203 734 Corinthios.

188 757 254 820 imo
269 766 305 820 ut
321 764 425 818 totum
440 750 551 818 orbem
574 749 704 817 iudicet.
732 749 928 832 Desoriptio,
951 768 1036 832 quae
1058 750 1166 832 sequi·
1304 748 1335 815 9.
1354 748 1523 816 Interitam
1535 753 1698 818 annnam
1711 771 1734 816 a
1745 750 1838 833 {aeia
1876 751 1943 817 Per
1960 752 2203 836 appositionem

188 853 253 923 tur,
275 839 341 905 hue
362 843 499 921 speetat,
530 846 568 902 nt
590 837 636 918 pii
657 835 855 920 intelligant,
886 855 949 918 quo
972 836 1078 918 magis
1100 836 1165 899 tor·
1218 834 1362 901 ostendit
1389 834 1494 918 qualis
1524 835 1569 901 sit
1598 855 1705 919 poena
1726 836 1820 902 euius
1841 836 2049 916 meminerat,
2082 859 2203 922 nempe

187 925 340 991 midabile
372 923 529 990 tudinium
564 921 676 987 hostes
708 941 785 986 suos
817 931 945 998 menet,
978 941 1017 986 eo
1050 920 1166 986 maiori
1217 920 1369 986 interitus
1382 923 1449 988 fine
1464 941 1588 1004 oarens,
1603 929 1637 986 et
1654 941 1744 988 mors
1758 921 1966 988 immortalis.
1989 922 2110 991 Mortis
2125 944 2202 1007 per·

187 1031 287 1079 ouras
304 1031 376 1076 esse
390 1009 463 1075 Deo
484 1028 561 1075 suas
581 1006 789 1074 afflietiones.
826 1005 911 1071 Nam
934 1007 1015 1072 haee
1037 1026 1167 1072 summa
1218 1006 1360 1089 potuitne
1374 1028 1417 1073 ex
1435 1027 1473 1072 eo
1495 1006 1662 1090 probatur,
1683 1008 1772 1090 quod
1788 1006 1915 1074 curisti
1937 1008 2077 1091 gloriam
2099 1010 2204 1076 habet

188 1096 403 1181 aegritudinis
432 1106 465 1160 et
494 1094 675 1160 moestitiae
697 1113 797 1160 eausa
818 1102 880 1170 est,
902 1091 989 1174 quod
1012 1103 1166 1174 putamus
1217 1092 1280 1157 sibi
1308 1093 1492 1159 advermm.
1542 1091 1646 1176 Atqui
1675 1115 1715 1159 es
1743 1106 1877 1159 aeterna
1905 1104 1973 1171 est,
2007 1115 2069 1161 nee
2096 1096 2204 1163 finem

187 1182 293 1248 Deum
311 1181 428 1247 leviter
445 1179 541 1246 malis
563 1179 684 1245 nostris
707 1179 809 1261 tangi.
845 1176 1007 1243 Videmus
1029 1179 1062 1242 in
1085 1198 1166 1260 ques
1218 1178 1326 1244 habet.
1370 1178 1486 1262 Itaque
1509 1178 1560 1244 sis
1584 1179 1654 1244 eins
1676 1199 1843 1262 nunquam
1866 1178 2016 1246 oeseabit.
2059 1180 2142 1247 Inde
2166 1186 2204 1247 et

187 1262 1166 1433 littttt‘tttlttetfittt't'bgt'tt‘ttt
1216 1263 2204 1433 littttttttttttttflltrtt‘ttttttffl‘*

187 1439 228 1505 ad
267 1439 412 1505 fidelium
451 1435 707 1504 oonsolationem
743 1433 870 1519 posuit,
903 1434 988 1518 qnod
1022 1433 1164 1500 tribunal
1304 1435 1355 1501 10.
1377 1435 1481 1517 ΟΜ
1494 1436 1614 1502 venerit
1627 1434 1896 1517 meamifiaetnr.
1934 1436 2023 1518 Quia
2040 1437 2202 1506 haetenus

187 1524 313 1591 Obristi
343 1523 492 1607 depingit
519 1521 653 1587 horrore
681 1521 831 1604 plenum,
859 1539 898 1585 ns
919 1521 1082 1604 metendi
1105 1540 1166 1585 etna
1217 1521 1257 1587 de
1283 1542 1389 1603 poena
1413 1520 1627 1603 reproborum
1649 1522 1862 1588 ooneionstas
1883 1530 1948 1601 est,
1978 1543 2067 1589 nuno
2089 1545 2201 1591 rever·

185 1610 353 1677 deiediom
372 1610 581 1692 frangantur,
610 1609 687 1674 dnm
707 1608 812 1673 eidem
832 1605 964 1688 superbe
984 1627 1018 1672 aa
1038 1625 1076 1672 aa
1096 1625 1165 1672 oon·
1215 1609 1297 1672 titur
1312 1607 1353 1672 sd
1369 1607 1450 1689 pios,
1471 1628 1509 1674 aa
1523 1607 1603 1674 dioit
1624 1618 1802 1674 venturum
1816 1603 1990 1674 Obristum
2013 1628 2052 1674 ut
2073 1609 2111 1676 in
2132 1609 2201 1678 illis

184 1697 343 1763 tumeliam
367 1694 406 1760 ab
428 1694 540 1776 impiis
561 1692 687 1759 canani.
732 1692 849 1774 Qualis
871 1712 949 1759 tero
971 1692 1101 1757 iuturus
1123 1692 1166 1756 sit
1217 1692 1436 1777 glorifioetur:
1460 1693 1523 1759 boo
1542 1698 1602 1770 est,
1626 1703 1663 1759 ut
1684 1693 1791 1777 gloria
1812 1713 1873 1759 sua
1893 1693 1969 1761 illos
1989 1693 2135 1775 irradiet,
2164 1707 2204 1763 ut

185 1783 296 1867 ignis
312 1781 376 1857 ille,
399 1789 433 1844 et
448 1800 490 1843 ex
505 1800 569 1862 qua
583 1780 738 1845 materia:
762 1777 995 1862 disputandum
1014 1777 1165 1860 relinquo
1217 1780 1286 1844 sint
1301 1778 1372 1844 eius
1387 1780 1575 1862 partieipes:
1599 1799 1637 1845 ao
1652 1778 1681 1842 si
1699 1779 1832 1854 dioeret,
1855 1777 2026 1846 Obristnm
2049 1781 2203 1850 nonsibi

185 1867 377 1933 hominibus
391 1863 492 1930 stulte
513 1864 660 1931 ourionis.
695 1864 782 1930 Mihi
804 1877 915 1930 tenere
937 1862 1057 1929 suffieit
1078 1860 1164 1945 quod
1217 1865 1372 1947 privatim
1401 1864 1591 1931 habiturum
1622 1864 1708 1930 bano
1729 1863 1885 1947 gloriam,
1915 1866 1972 1932 sed
1993 1885 2202 1934 oommnnsm

186 1952 301 2019 dooere
314 1952 351 2016 in
367 1953 474 2015 animo
489 1949 754 2034 habuitPaulus,
770 1949 942 2017 Christum
958 1949 1163 2026 iniuriarum,
1217 1951 1286 2016 fore
1308 1950 1475 2017 sanetis
1496 1948 1694 2016 omnibus.
1738 1948 1831 2016 Haeo
1852 1971 1983 2018 summa
2004 1963 2055 2018 est
2076 1963 2111 2019 et
2131 1956 2200 2020 sin·

188 2058 269 2120 quas
298 2036 390 2103 nobie
413 2037 543 2117 reprobi
565 2036 727 2112 inferunt,
756 2035 1001 2103 severissimum
1024 2033 1093 2100 lore
1115 2032 1165 2099 ul-
1217 2035 1343 2120 gularis
1376 2037 1505 2118 piorum
1537 2034 1736 2118 oonsolstio,
1775 2035 1860 2119 quod
1894 2058 1995 2120 quum
2027 2039 2063 2104 in
2097 2039 2201 2123 gloria

188 2138 303 2189 torem.
348 2121 544 2204 Metapbora
566 2131 676 2187 autem
700 2123 852 2187 flammae
874 2133 907 2185 et
928 2121 1023 2204 ignis,
1047 2118 1102 2185 ubi
1126 2117 1165 2184 de
1218 2123 1312 2206 regni
1354 2121 1407 2188 sui
1446 2121 1708 2188 manifestabitur
1742 2120 1805 2187 Dei
1845 2121 1948 2199 filius,
1993 2125 2028 2189 in
2061 2124 2200 2191 modam

186 2210 236 2275 irs
251 2209 314 2275 Dei
332 2209 451 2292 agitur,
475 2209 657 2290 seripturae
674 2209 754 2272 satie
776 2209 854 2272 trita
876 2219 936 2272 est.
976 2205 1166 2288 Angelos
1217 2229 1328 2273 seeum
1358 2208 1547 2275 sotietatem
1570 2226 1625 2272 eos
1646 2206 1788 2291 oolliget.
1833 2204 1958 2274 Subest
1979 2219 2093 2276 autem
2113 2211 2199 2276 anti·

186 2295 408 2378 potentiae
432 2304 527 2359 voeat
541 2295 577 2356 in
592 2291 710 2375 quibus
726 2313 820 2358 suam
844 2291 1022 2374 potentiam
1045 2300 1166 2356 exeret.
1218 2294 1322 2359 thesis
1340 2295 1427 2359 inter
1446 2303 1653 2377 praesentem
1675 2304 1798 2360 statum
1821 2294 1880 2359 sub
1903 2315 1967 2377 quo
1988 2294 2142 2362 laborant
2161 2315 2199 2362 se

188 2381 334 2465 Angelos
349 2381 439 2445 enim
461 2399 574 2446 seeum
595 2376 736 2444 adduoet
757 2378 798 2443 ad
821 2378 1049 2443 illustrandam
1071 2376 1166 2460 regni
1241 2392 1357 2445 emunt
1392 2379 1521 2458 fideles,
1561 2391 1596 2444 et
1631 2379 1723 2443 illam
1760 2377 1911 2445 ultimam
1948 2383 2197 2449 restitutionem.

187 2467 238 2534 sui
271 2466 428 2551 gloriam:
463 2465 551 2530 unde
583 2476 617 2531 et
649 2463 726 2529 alibi
760 2463 868 2548 angeli
903 2463 1084 2529 maiestatis
1117 2461 1166 2526 di·
1219 2402 1316 2532 buno
1331 2466 1419 2530 enim
1435 2463 1550 2530 mundi
1565 2464 1692 2547 probris
1708 2472 1787 2529 sunt
1808 2465 1960 2548 expositi,
1983 2467 2067 2534 viles
2088 2489 2127 2535 ao
2147 2469 2198 2534 ni-

185 2561 317 2619 ountur.
1219 2551 1278 2616 bili
1301 2553 1482 2617 dueuntur:
1511 2566 1589 2616 tuno
1611 2558 1719 2616 antem
1753 2551 1888 2632 pretiosi
1914 2559 2015 2618 erunt
2042 2553 2197 2704 plenigns

275 2638 306 2703 8.
332 2635 394 2718 Qui
408 2634 553 2702 altionem
570 2636 699 2719 instiget.
735 2635 810 2717 Quo
832 2635 948 2702 melius
971 2636 1168 2718 persuadeat
1220 2637 1399 2721 dignitatis,
1420 2657 1522 2719 quum
1544 2656 1639 2703 suam
1662 2636 1802 2720 gloriam
1822 2640 1856 2701 in
1879 2659 1935 2704 eos
1957 2639 2112 2705 Obristns
2157 2641 2196 2706 ii·

187 2721 358 2799 fidelibus,
390 2741 456 2786 non
483 2721 664 2804 impunitas
694 2721 763 2787 lore
792 2722 1060 2804 persequutiones
1085 2742 1167 2804 ques
1218 2723 1337 2788 fundit
1386 2721 1482 2788 Finis
1496 2727 1549 2806 est,
1571 2723 1670 2803 utpii
1684 2723 1779 2805 gnati
1800 2723 1899 2789 oeulis
1921 2724 2039 2791 &aab
2054 2730 2197 2806 praeter·

188 2810 310 2892 ierunt,
333 2806 397 2872 boo
417 2826 545 2889 quoque
565 2806 629 2872 Dei
654 2808 756 2888 ipsius
778 2808 935 2872 interesse
957 2804 1065 2871 doeet:
1088 2806 1167 2889 qnia
1219 2813 1292 2875 earet
1319 2808 1407 2874 brena
1433 2808 1489 2876 boa
1510 2810 1668 2874 umentia
1687 2809 1771 2875 vitae
1791 2809 1865 2887 iter,
1896 2829 2017 2892 semper
2036 2816 2135 2877 menta
2155 2811 2197 2877 ad

186 2894 286 2962 iidem
319 2893 375 2976 qui
408 2894 478 2975 pios
511 2899 767 2975 persequuntur,
801 2892 875 2958 Deo
907 2903 988 2957 sunt
1020 2892 1165 2959 rebelles
1216 2896 1362 2977 futuram
1382 2895 1472 2978 regni
1495 2892 1614 2963 &tristi
1634 2894 1918 2975 manifestationem
1939 2896 2059 2962 intenti.
2097 2896 2195 2978 Qasr·

187 2981 280 3065 Ergo
302 2977 423 3061 Deum,
446 2999 514 3043 non
536 2977 654 3043 salutis
677 2978 773 3044 modo
796 2990 940 3058 nostrae,
963 2976 1020 3043 sed
1042 2977 1167 3061 gloriae
1217 3000 1291 3046 mam
1318 2981 1400 3046 enim
1423 2982 1558 3062 pertineat
1584 2981 1698 3046 medio
1720 2978 1872 3047 ademar
1892 2982 1928 3047 in
1944 2983 2103 3066 menda,
2131 2983 2196 3050 nisi

187 3069 286 3135 etiem
302 3086 382 3134 suae
401 3085 509 3143 eausa,
533 3062 698 3131 vindicem
721 3064 879 3130 adversus
901 3084 957 3130 eos
978 3083 1051 3128 esse
1071 3084 1091 3129 o
1113 3085 1166 3130 or·
1218 3071 1254 3132 nt
1283 3087 1337 3149 epa
1366 3067 1567 3133 transsiliunt
1598 3065 1642 3132 ad
1674 3065 1795 3132 mann
1828 3066 1917 3133 itiam
1944 3069 2197 3136 resnmeotionsm

187 3156 246 3221 tet.
291 3152 396 3219 Porro
425 3151 488 3219 hoe
520 3149 562 3216 ad
584 3149 754 3218 Christum
782 3149 939 3234 retertur,
967 3148 1023 3248 qui
1051 3085 1167 3218 reddet
1217 3172 1299 3236 qaas
1315 3151 1419 3219 adias
1432 3151 1612 3220 monada
1625 3152 1696 3218 est?
1732 3151 1776 3216 Et
1799 3153 1978 3219 notandum
1999 3155 2089 3236 quod
2108 3164 2195 3238 post·
2238 3188 2241 3195 ⁴

188 3239 356 3306 ultionem.
400 3236 577 3321 Signifiost
605 3238 692 3302 enim
714 3236 857 3316 Paulus,
887 3236 947 3303 has
973 3235 1024 3301 ilb
1052 3237 1167 3304 aDeo
1218 3259 1318 3322 quam
1348 3251 1477 3305 sanotae
1502 3237 1601 3314 dixit,
1636 3239 1708 3304 vioe
1729 3238 1945 3319 expositionis
1966 3238 2077 3321 addit,
2109 3261 2196 3307 are·

187 3334 282 3408 patre
312 3324 478 3388 iniunotas
506 3343 578 3389 esee
608 3332 727 3406 partes.
773 3322 898 3404 Quaeri
926 3331 1036 3388 antem
1060 3331 1167 3406 potest
1219 3326 1378 3391 dentes:
1401 3345 1465 3407 quo
1479 3324 1641 3406 signifieat
1662 3321 1787 3389 nnllam
1809 3324 1882 3391 sins
1903 3325 1968 3391 fide
1988 3327 2196 3392 ssnoutatem

187 3431 230 3476 an
263 3407 444 3509 vindiotam
476 3416 633 3511 appetere
664 3408 757 3476 nobis
788 3408 898 3489 liosat,
933 3408 1011 3493 quia
1042 3407 1167 3475 Paulus
1217 3431 1289 3510 esse
1303 3410 1339 3476 in
1357 3409 1556 3509 hominibus,
1578 3407 1749 3508 sedamen
1769 3429 1841 3475 esse
1863 3411 2029 3492 profanos.
2068 3411 2109 3477 ln
2131 3413 2195 3478 fins

186 3502 481 3648 &matidii
497 3493 1167 3680 ttt„;t⁰.ttttl⁰†e,itt?”ltr
1216 3505 1593 3680 tltttttttfi
1616 3493 2195 3667 lattlttttttttttt

186 3667 338 3734 omnibus
367 3666 449 3732 bene
472 3687 598 3749 prooart
620 3664 781 3733 iubemur.
826 3663 955 3733 Deinde
978 3675 1108 3732 tametsi
1130 3687 1166 3731 tn
1218 3676 1297 3733 vota
1318 3666 1479 3746 eohrbeat,
1501 3687 1543 3732 ns
1566 3667 1651 3732 ultra
1672 3664 1807 3732 modum
1830 3669 1994 3734 festinent.

185 3773 307 3839 genere
332 3752 510 3819 vindiotam
537 3753 697 3819 maerens
718 3753 873 3835 reprobos
904 3762 1059 3836 expetere
1091 3771 1164 3834 pos·
1306 3751 1389 3834 Quia
1408 3752 1489 3834 tides
1510 3751 1628 3820 habita.
1669 3749 1766 3832 Quod
1788 3754 1989 3836 generaliter
2011 3754 2052 3821 ds
2072 3755 2193 3823 mnetis

185 3841 303 3993 simusb:
326 3839 528 3990 quiatzarmen
542 3838 692 3991 amun}
704 3858 760 3990 eto:
780 3837 1004 3939 dispersimus,
1026 3837 1164 3987 saliptem
1216 3838 1438 3991 dibitnbnim
1470 3837 1526 3990 agl
1541 3837 1847 3989 Thessalgrlnliogses
1880 3840 2120 3993 mazurdrmodat:
2154 3860 2194 3941 ns

186 3946 277 4078 ilud
290 3944 450 4076 dbbiddrio
472 3943 563 4075 lidiptd
582 3945 716 4094 spirari
729 3943 1164 4108 pzotgsamffimmgflguffl
1216 3946 1304 4096 adad
1327 3945 1551 4078 voswobiinuiot
1562 3946 1646 4078 etiabit
1654 3925 1972 4094 bruatatiidmbm
1991 3947 2055 4078 ibi
2075 3936 2192 4098 m

186 4096 338 4164 sordibus
353 4096 474 4162 nostris
488 4116 591 4179 purus
605 4106 638 4161 et
653 4108 741 4162 reete
757 4095 955 4179 oompositns
979 4095 1041 4161 Der
1064 4094 1163 4173 selus,
1216 4098 1309 4182 gavit
1330 4096 1484 4164 Ohristns
1506 4096 1546 4161 ad
1569 4116 1704 4163 suorum
1726 4116 1915 4180 numerum,
1943 4118 2025 4182 qnos
2046 4099 2191 4166 tuturos

185 4182 270 4250 absit
292 4190 403 4247 autem
425 4181 531 4247 omnis
552 4181 738 4247 inordinata
759 4181 930 4264 eupiditns.
1215 4194 1268 4250 est
1295 4183 1419 4267 glorias
1447 4203 1527 4249 suae
1548 4192 1725 4249 ooneortes.
1769 4182 2073 4250 Testimonium
2096 4190 2190 4252 voest

275 4266 338 4351 Qui
351 4286 414 4333 non
427 4271 588 4336 nommant.
625 4266 817 4335 Inoredulos
840 4267 891 4332 his
913 4266 1039 4332 dnobus
1059 4266 1164 4333 titulis
1216 4268 1415 4335 doetrinam:
1444 4268 1521 4351 quia
1548 4266 1685 4348 apostoli
1707 4280 1786 4334 sunt
1807 4266 1934 4336 Obristi
1955 4276 2066 4336 testea
2112 4268 2188 4337 Dis·

54 4413 57 4420 .
185 4354 354 4438 designat,
387 4352 473 4438 quod
506 4353 614 4420 Deum
647 4353 815 4438 merent,
848 4366 881 4419 et
914 4374 978 4418 non
1011 4351 1165 4419 obediant
1215 4373 1327 4421 aarum
1357 4374 1435 4438 ergo
1465 4361 1544 4418 tune
1572 4363 1660 4418 ratas
1688 4352 1723 4417 in
1755 4355 1848 4422 nobis
1875 4375 1948 4422 esse
1970 4354 2035 4421 Dei
2058 4357 2189 4440 promis·

184 4439 358 4524 evangelio
371 4439 508 4507 Obristi.
543 4438 672 4506 Nomai
694 4437 871 4523 perfidem
894 4437 1066 4523 evmgelio
1088 4439 1162 4505 obe·
1215 4440 1323 4507 aiones
1344 4458 1445 4522 quum
1467 4436 1565 4503 fidem
1588 4434 1675 4521 apud
1698 4457 1757 4505 nos
1778 4441 1961 4509 inveniunt.

187 4525 295 4607 ditur,
323 4525 595 4609 quemadmodum
623 4523 716 4592 doust
738 4524 844 4609 primo
865 4525 971 4608 ospite
992 4537 1026 4589 et
1048 4523 1164 4592 ultimo

184 4611 229 4680 sd
269 4609 453 4678 Romanos:
491 4609 706 4678 ineredulitas
746 4610 920 4677 resistendi
960 4628 1060 4677 eausa
1102 4611 1162 4677 est.
1303 4610 1354 4676 11.
1377 4608 1992 4698 Inaaamrnnetiamoramaseempsr
2006 4633 2069 4697 pro
2088 4614 2189 4682 nebim

185 4695 330 4767 Mem
363 4696 498 4764 damnat
529 4696 736 4782 morandus
762 4695 844 4763 Dei:
878 4715 956 4763 nam
985 4697 1064 4764 viva
1090 4716 1165 4782 eog-
1214 4701 1316 4762 tntoos
1336 4694 1447 4764 tatem
1466 4693 1578 4779 diones
1597 4694 1857 4766 nmationeDmns
1877 4705 1991 4783 meter,
2013 4699 2190 4784 amen

185 4786 269 4854 nitio
308 4784 527 4850 reverentiam
567 4804 610 4849 ex
645 4804 681 4849 se
714 4780 829 4868 gignit.
885 4782 1003 4865 Itaque
1034 4801 1163 4866 semper
1214 4780 1694 4864 omnsbmeplaeitnmbonitntis
1709 4788 1742 4856 ‚et
1766 4785 1936 4867 opasfidei
1950 4804 2022 4853 mm
2148 4785 2190 4850 ⁸:

182 4891 282 4940 asena
302 4881 354 4937 est
375 4869 600 4936 ineredulitas:
624 4889 692 4936 non
714 4866 800 4952 quod
822 4888 957 4952 prorsus
977 4867 1068 4935 omni
1088 4866 1163 4935 lnoe
1213 4867 1484 4952 attaminatur
1507 4887 1619 4935 mmm
1637 4865 1773 4935 Domini
1793 4872 1894 4938 nostri
1914 4870 1992 4939 Iesu
2084 4871 2092 4886 '
2128 4872 2191 4939 ’in

187 4968 220 5023 et
248 4955 465 5043 intelligentia
494 4955 588 5022 vaani
616 4956 684 5023 sint
713 4953 887 5030 inereduli,
922 4953 980 5021 sed
1010 4953 1088 5036 quia
1116 4953 1163 5019 sio
1213 4953 1313 5031 nobo,
1342 4958 1372 5021 d
1397 4972 1453 5019 aot
1480 4953 1815 5105 damamiani»
1834 4958 1974 5040 mabam
1993 4955 2058 5025 Dei
2077 4958 2190 5036 matri,

183 5041 434 5111 obtenebratam
464 5041 587 5108 babent
608 5050 767 5119 mentem,
798 5049 836 5105 nt
858 5039 1001 5107 videndo
1020 5057 1089 5104 non
1111 5039 1160 5103 vi·
1213 5044 1244 5105 at
1264 5038 1398 5104 Dasmini
1420 5037 1497 5105 less
1589 5040 1596 5053 '
1625 5061 1648 5106 ι.
2110 5088 2113 5092 -

187 5125 297 5193 &snt
350 5128 426 5196 Non
461 5128 519 5194 abs
545 5146 581 5192 re
608 5127 801 5210 pronuntiat
828 5125 981 5193 Christus
1007 5122 1161 5210 (lohann.
1335 5133 1338 5140 '

189 5209 296 5289 12³),
311 5211 595 5280 Mnemsevitsm
609 5214 899 5292 teterrimum
914 5205 1161 5291 rerumDsnm,
1300 5208 1351 5274 12.
1375 5207 1417 5274 In
1448 5229 1544 5292 mam
1575 5230 1650 5275 rann.
1702 5209 1746 5277 Ut
1779 5214 1884 5279 soant
1916 5213 1979 5280 sibi
2006 5232 2090 5299 opus
2121 5235 2192 5283 sess

182 5308 248 5364 eto.
300 5295 391 5380 Ergo
418 5318 460 5364 ex
489 5297 617 5366 detenta
641 5296 738 5365 huius
769 5296 923 5366 salomis
946 5295 1080 5363 nonnas
1112 5315 1159 5363 se·
1212 5293 1367 5361 motinus
1391 5293 1454 5361 Dei
1488 5294 1620 5375 auxilio,
1649 5306 1788 5362 testatur
1818 5319 1854 5364 se
1882 5319 1942 5382 pro
1964 5297 2030 5368 illis
2052 5303 2193 5385 praetri-
