4740 6016
176 296 217 362 91
808 289 950 357 tortor.
975 291 1117 357 PAULI
1142 289 1205 354 AD
1227 290 1556 358 COLOSSENSES
2133 293 2178 359 92

179 476 315 574 spiritus
337 487 442 556 saneti
465 485 681 565 donatiouem,
703 505 768 568 qua
782 483 999 551 reformamur
1014 483 1055 550 ad
1069 484 1150 549 ima-
1202 505 1302 569 quam
1336 484 1422 568 quod
1450 484 1586 571 apostoli
1620 486 1744 571 pariter
1776 486 1955 568 docuerint,
1987 494 2022 553 et
2053 487 2180 574 ubique

179 577 290 661 giuem
313 574 386 640 Dei.
429 572 475 638 Et
495 572 587 638 loeus
608 580 658 636 est
678 569 907 637 observatione
928 570 1057 654 dignus,
1084 591 1150 636 non
1203 579 1368 654 reooptom
1390 572 1443 638 sit.
1486 571 1640 638 Ridioula
1661 583 1770 639 antem
1785 573 1988 659 papiatarum
2010 573 2179 658 iaetantia,

180 659 321 729 ooulerri
348 658 442 725 nobis
462 658 639 744 gratuitam
661 656 819 722 iustitiam
840 655 875 721 iu
898 655 1043 738 Ohristo,
1072 658 1151 740 quin
1204 656 1290 741 quod
1313 656 1494 724 doctrinam
1516 667 1664 724 nostram
1680 658 1741 724 hoo
1762 668 1954 744 argumento
1967 659 2178 745 impugnant,

179 745 298 831 spiritu
319 745 418 810 etiam
434 763 668 827 regeneremur
681 742 716 808 iu
731 741 970 808 oboedientiam
992 743 1149 808 iustitiae:
1203 743 1368 825 quianon
1395 742 1514 826 ubique
1544 744 1750 826 praediootur
1779 766 1851 810 oum
1881 746 2115 829 approbatione
2142 755 2180 814 et

179 829 449 917 quemadmodum
472 828 549 895 alibi
570 827 614 913 (1.
637 827 748 895 Oorin.
772 830 801 907 1,
823 827 880 914 30)
902 828 1005 912 doeet,
1037 828 1150 896 Chris·
1202 829 1372 910 applausu,
1393 829 1471 912 quio
1492 849 1613 912 pannos
1633 829 1811 899 habeamus
1832 832 2085 897 eonsentientes
2113 831 2180 898 Ne·

180 930 249 983 tum
272 914 365 981 nobis
387 915 510 982 iactum
531 935 603 981 esse
623 916 783 980 iustitiam
804 924 838 979 ot
852 916 1150 981 sanetifieationem.
1203 934 1267 997 que
1286 914 1385 997 enim,
1406 915 1435 979 si
1451 926 1652 998 rumpantur,
1676 915 1739 983 hoo
1753 917 1848 983 uobis
1865 937 2011 1000 uuquam
2026 917 2178 1001 eripient,

179 1000 267 1068 Illud
289 1000 520 1086 oouseqoimur
541 1001 759 1083 aoooptatione
774 1001 935 1085 gratuita:
958 1000 1020 1067 hoo
1042 1010 1151 1065 autem
1204 1000 1288 1065 nihil
1309 1000 1398 1066 aliud
1420 999 1516 1067 hodie
1543 1023 1601 1068 uos
1624 1001 1763 1084 tradere,
1791 1023 1890 1086 quam
1911 1002 1987 1068 olim
2011 1003 2179 1087 praediea·

180 1087 265 1154 dono
287 1087 421 1172 spiritns
443 1087 559 1167 saneti,
589 1086 667 1152 dum
696 1087 773 1152 novi
801 1086 951 1152 homiues
979 1086 1151 1153 ollioimur.
1204 1095 1275 1151 tum
1298 1087 1342 1152 ait
1363 1107 1383 1151 a
1404 1086 1573 1171 prophetia
1594 1096 1628 1153 et
1648 1089 1811 1171 apostolis,
1838 1100 1969 1173 totoque
1990 1099 2179 1156 sanatorum

179 1173 359 1257 Utriusque
374 1181 483 1238 autem
505 1171 630 1258 gratiae
643 1170 834 1238 individuus
856 1181 907 1237 eat
920 1193 1036 1238 nexus.
1069 1173 1152 1238 an·
1204 1173 1304 1237 ohoro
1322 1171 1509 1238 obedienter
1529 1181 1705 1257 reooptum.
1740 1173 1856 1258 Neque
1869 1175 1955 1240 enim
1971 1175 2179 1258 evangelium

180 1273 288 1326 terum
310 1267 461 1326 notemus
481 1259 686 1325 sanotitatem
709 1256 794 1323 hano
815 1258 1003 1324 inchoatam
1026 1278 1097 1324 esse
1118 1258 1152 1323 in
1205 1258 1332 1323 Paulus
1361 1258 1532 1342 approbari
1559 1259 1664 1325 voluit
1691 1260 1839 1326 omnium
1868 1260 2074 1326 eaeoulorum
2101 1280 2181 1327 oou·

180 1345 275 1412 nobie
301 1345 471 1425 duntaxat,
501 1353 534 1410 et
562 1344 598 1408 in
626 1342 696 1408 dies
745 1364 913 1428 regressus
945 1345 1066 1410 faeere:
1096 1343 1152 1410 sed
1207 1364 1322 1410 sensu:
1353 1355 1390 1408 ot
1412 1345 1441 1409 ei
1462 1365 1497 1408 re
1522 1344 1700 1425 odiaretor,
1730 1346 1897 1414 vaoillaret
1918 1347 1990 1412 eius
2010 1346 2181 1414 autoritas.

181 1453 247 1499 uon
270 1431 339 1497 tore
360 1431 549 1514 perteotsm,
572 1429 722 1496 doueoO
767 1431 847 1496 ‘stoa
871 1429 912 1495 ad
935 1432 1080 1495 omnium
1103 1433 1154 1493 in·
1207 1428 1274 1496 Sed
1297 1431 1407 1514 potius
1421 1429 1461 1494 ad
1484 1366 1566 1494 iiiut
1581 1430 1707 1496 (lhristi
1728 1432 1919 1498 mandatnm
1933 1431 2183 1584 respexittffi

181 1517 415 1584 stauratiouem
437 1516 634 1599 apparuerit.
679 1515 764 1581 Nam
787 1535 957 1600 perperam
978 1516 1055 1583 olim
1075 1515 1155 1581 Ooe
1207 1515 1391 1599 praedieate
1423 1516 1631 1599 evangelium
1667 1517 1841 1584 universae
1872 1528 2056 1595 ereaturae,

182 1603 293 1669 lestini
314 1607 348 1668 et
368 1602 542 1686 Pelagiani
565 1601 626 1667 hoo
647 1601 718 1668 looo
739 1601 965 1683 abutebantur,
987 1611 1024 1667 ut
1045 1601 1154 1667 exolu·
1207 1600 1327 1684 pendet
1353 1622 1396 1666 ox
1419 1609 1466 1666 tot
1488 1602 1652 1669 vatioiniis
1672 1602 1916 1687 prophetarum,
1937 1624 2021 1686 quae
2040 1622 2184 1703 regnum

181 1689 297 1755 derant
318 1689 456 1775 gratiam
482 1687 684 1753 remissionis
712 1697 925 1770 pennatorum.
969 1687 1156 1770 Fingebaut
1208 1687 1334 1755 Christi
1363 1690 1397 1751 in
1420 1694 1524 1752 totum
1551 1688 1661 1753 orbem
1690 1700 1906 1775 propagatum
1936 1689 1977 1754 iri
2007 1688 2183 1756 denuntia·

180 1772 664 1942 tltttltttttlttlt
675 1772 1013 1925 tttttlltlt
1031 1773 1156 1924 Allt
1208 1773 1305 1942 llll
1334 1772 1430 1941 tlt
1451 1793 1530 1925 tlt?
1551 1773 1639 1925 tlt}
1662 1774 1822 1946 llltt
1840 1774 1966 1927 {tlt
1987 1773 2183 1926 ltt‘tt

180 1958 290 2012 autem
324 1965 527 2029 nequaquam
561 1944 615 2011 hio
643 1943 837 2028 deestquid
871 1947 905 2010 in
938 1944 1000 2012 hoo
1032 1944 1155 2010 mondo
1208 1945 1377 2025 lossenses,
1399 1964 1481 2028 quae
1503 1966 1523 2010 a
1544 1944 1723 2012 Ierusalem
1746 1955 1844 2025 ortae,
1867 1968 1927 2031 per
1944 1955 2048 2012 totum
2071 1946 2185 2012 orbem

179 2032 370 2114 impleatur:
401 2030 458 2097 sed
484 2030 556 2115 quis
577 2030 653 2096 finis
681 2031 726 2095 ait
749 2032 926 2097 voeationis
948 2041 1089 2110 nostrae,
1122 2039 1156 2096 et
1207 2031 1357 2096 fluxurae
1379 2028 1496 2096 eraut?
1541 2031 1609 2097 Noe
1631 2052 1757 2115 quoquo
1777 2053 1845 2097 non
1867 2033 1999 2112 frustra,
2029 2053 2093 2099 neo
2113 2032 2186 2099 siue

181 2138 265 2201 quae
287 2119 374 2185 bona
394 2116 488 2182 nobis
510 2137 529 2180 a
551 2116 685 2183 Christo
707 2116 897 2184 afferantur.
1207 2117 1327 2182 eximio
1356 2119 1465 2181 truotu
1492 2126 1525 2181 et
1550 2118 1769 2184 oonsolatione
1792 2118 1978 2202 gloriamur,
2010 2138 2071 2183 uos
2099 2116 2185 2183 illud

264 2203 317 2271 23.
344 2203 381 2269 Si
409 2203 535 2286 quidem
550 2202 753 2284 permeatis.
798 2202 950 2268 Hortatio
977 2203 1018 2268 ad
1047 2223 1156 2286 perse·
1207 2203 1293 2267 idem
1327 2202 1446 2268 habero
1476 2203 1683 2287 evangelium
1717 2204 1805 2287 quod
1838 2226 1881 2268 ex
1914 2204 2019 2270 edioto
2047 2202 2185 2269 Domini

182 2291 375 2372 versutiam,
397 2309 461 2371 qua
483 2288 638 2353 admonet
659 2289 790 2353 irritum
810 2290 878 2354 iore
899 2289 1054 2371 quidquid
1078 2289 1154 2355 hao-
1207 2288 1430 2372 praedieatum
1453 2290 1513 2381 luit
1535 2290 1621 2355 iuter
1643 2310 1757 2355 omnes
1779 2292 1924 2374 populos,
1946 2290 2033 2373 quod
2052 2289 2094 2356 ab
2115 2309 2184 2354 om·

181 2380 279 2441 tenus
301 2375 426 2460 gratiae
459 2373 526 2438 illis
552 2374 706 2440 oollatom
736 2385 815 2453 erat,
848 2375 911 2438 nisi
944 2385 1099 2441 maneant
1120 2377 1154 2439 in
1207 2374 1304 2440 uibus
1325 2374 1468 2441 eoolesiis
1490 2390 1666 2458 reooptum,
1695 2376 1731 2440 in
1753 2377 1845 2442 onius
1872 2376 2072 2458 professione
2094 2377 2185 2440 rixe-

181 2463 367 2527 siuoeritate
384 2459 560 2543 evangelii.
596 2462 706 2542 Atque
724 2460 771 2525 ita
792 2461 957 2545 signifieat
979 2482 1033 2526 eos
1048 2459 1155 2529 adhue
1207 2471 1287 2526 runt
1307 2481 1345 2525 ae
1366 2462 1486 2525 mortui
1517 2471 1594 2527 sunt
1619 2481 1733 2527 omnes
1761 2463 1817 2545 pii.
1861 2462 1929 2528 Neo
1959 2463 2097 2546 vulgare
2125 2458 2183 2526 ad·

182 2569 252 2613 esse
280 2548 314 2611 in
345 2548 502 2630 proleotu,
537 2545 681 2611 nondum
716 2556 835 2612 metam
869 2548 1026 2631 attigisse.
1070 2547 1154 2612 Nam
1207 2549 1388 2612 iumentum
1405 2557 1454 2611 est
1472 2546 1565 2612 nobis
1583 2547 1739 2613 adversus
1757 2558 1806 2613 tot
1827 2547 1969 2614 insultus
1998 2544 2184 2612 muniendis

181 2643 261 2698 tuno
290 2632 418 2698 insidiis
442 2631 783 2713 pseudoapostolorum
805 2631 1047 2716 perialitabator
1069 2632 1155 2716 apud
1208 2653 1385 2699 eonsensue
1415 2635 1586 2698 universae
1611 2633 1773 2712 eeolesiae,
1805 2655 1888 2717 quae
1920 2632 2050 2716 quidem
2078 2632 2182 2717 digua

182 2740 239 2785 eos
269 2718 345 2784 fidei
373 2716 551 2783 stabilitas:
581 2717 735 2800 graphiae
765 2729 875 2783 antem
905 2717 1053 2802 depingit
1079 2717 1156 2782 fidei
1179 2748 1185 2819 Ι
1209 2730 1259 2783 est
1281 2729 1346 2783 tam
1370 2719 1491 2802 insigni
1515 2719 1618 2784 titulo.
1664 2719 1709 2783 llt
1734 2719 1873 2797 libenter
1894 2718 2080 2803 Augustino
2102 2717 2181 2784 suh·

101 2865 107 2877 ,
182 2804 422 2882 oertitudinem,
444 2823 543 2886 quom
565 2803 598 2867 in
614 2821 653 2867 oa
667 2802 758 2868 iubet
772 2804 982 2870 Oolosseuses
1004 2804 1157 2869 fundatos
1210 2805 1396 2879 soribimoe‚
1434 2807 1488 2886 qui
1527 2803 1590 2869 hoe
1626 2807 1797 2889 praeoipoe
1834 2815 2029 2891 argumento
2063 2802 2185 2869 refellit

184 2910 256 2955 esse
279 2910 317 2955 ao
338 2888 481 2954 stabiles.
526 2888 640 2972 Neque
667 2889 755 2954 euim
778 2891 894 2955 similis
915 2900 965 2955 est
987 2890 1066 2956 fides
1087 2891 1155 2972 opi·
1210 2891 1412 2967 Donatistae,
1442 2890 1527 2972 quod
1549 2891 1754 2975 evangelium
1782 2892 1922 2956 afferant
1943 2889 2129 2956 inauditum
2151 2896 2185 2954 ot

184 2977 320 3054 nationi,
343 2995 428 3059 quae
446 2974 544 3040 variis
562 2973 704 3040 motibus
725 2977 889 3058 quatitur:
911 2975 967 3040 sed
983 2974 1080 3041 habet
1102 2976 1156 3040 fir·
1210 2977 1415 3059 incognitum
1443 2976 1594 3042 omnihus
1622 2978 1776 3043 eooleeiis.
1822 2978 1941 3044 Merito
1963 2996 2053 3042 sane.
2098 2975 2184 3041 Nam

182 3082 271 3129 mam
289 3060 517 3138 oonstantiam,
536 3079 620 3143 quae
636 3060 785 3127 omnibus
803 3062 982 3128 interorum
998 3061 1157 3128 maehinie
1211 3064 1238 3127 si
1261 3083 1373 3128 verum
1396 3070 1446 3128 eet
1460 3063 1666 3148 evangelium
1688 3063 1773 3146 qnod
1791 3063 1883 3129 nulla
1904 3063 2057 3129 eooleeiae
2071 3080 2185 3145 appro-

185 3150 325 3215 resistat.
367 3146 484 3232 Itaque
499 3152 568 3213 tota
589 3147 716 3232 papalis
737 3145 900 3233 theologia
915 3167 1081 3230 nunquam
1105 3146 1157 3213 vel
1211 3149 1340 3214 batione
1362 3147 1568 3232 obsignatum
1594 3150 1796 3232 proponitur,
1825 3151 1981 3234 sequitur,
2011 3149 2126 3214 inanes
2145 3166 2184 3214 ao

183 3242 318 3299 tenuem
346 3241 480 3318 gustum
510 3253 606 3299 verae
634 3233 710 3299 fidei
735 3232 840 3298 dabit:
869 3252 952 3318 quae
981 3254 1040 3317 pro
1068 3234 1157 3298 axio-
1210 3234 1311 3300 falsas
1333 3254 1403 3301 osse
1430 3243 1480 3298 tot
1505 3236 1748 3317 promissiones,
1777 3235 1895 3321 quibua
1923 3233 2123 3319 praediuitur
2150 3234 2183 3300 in

183 3330 271 3385 mate
293 3320 402 3400 habet,
430 3340 559 3401 semper
580 3340 651 3386 esse
673 3317 888 3386 dubitandum
911 3329 978 3385 tem
1002 3320 1041 3384 de
1064 3339 1157 3403 prae·
1212 3329 1317 3385 totum
1351 3318 1461 3387 orbern
1491 3321 1683 3402 perferenda
1712 3321 1874 3407 evangelii
1904 3320 2120 3407 praedieatiot
2152 3327 2187 3407 at

184 3405 273 3470 senti
300 3414 388 3471 statu
417 3405 552 3490 gratiae,
585 3425 682 3489 qoam
713 3403 752 3470 de
784 3404 875 3470 finali
905 3408 1158 3488 perseverantia.
1211 3427 1296 3490 quae
1317 3406 1490 3484 affirmant,
1512 3406 1584 3470 oolli
1610 3405 1710 3473 endos
1725 3427 1796 3474 esse
1818 3429 1861 3473 ex
1882 3408 2035 3474 omnibus
2058 3404 2186 3491 populis

183 3490 305 3557 Postea
327 3493 424 3556 etiam
452 3491 641 3557 relationem
671 3500 764 3556 notat
793 3511 876 3575 qnae
904 3491 981 3556 fidei
1007 3502 1157 3558 osteum
1212 3500 1246 3558 et
1266 3492 1454 3575 regionibus
1475 3491 1560 3557 filios
1611 3493 1651 3578 ei,
1674 3501 1734 3560 oto.
1771 3493 1925 3579 Papistae
1945 3505 2058 3559 autem
2082 3488 2185 3576 quid?

185 3576 368 3661 evangelio,
392 3597 492 3660 quum
514 3577 592 3644 dicit
613 3583 692 3643 tuno
714 3577 782 3643 fore
803 3577 936 3643 stabiles
957 3578 992 3642 in
1014 3577 1079 3643 tide
1094 3577 1157 3644 (lo-
1212 3577 1387 3660 Prophetis
1410 3585 1443 3641 et
1457 3578 1611 3661 apostolis
1626 3579 1736 3646 valere
1750 3581 1785 3645 iu
1803 3581 1856 3660 sis,
1880 3582 2059 3665 praeterita
2073 3587 2187 3646 vetera

184 3661 347 3729 iomannes
376 3664 403 3728 si
427 3685 493 3729 non
515 3663 751 3729 labelaotentur
772 3685 792 3728 a
813 3684 872 3747 ape
893 3664 1073 3748 evangelii:
1096 3663 1159 3729 hoo
1211 3663 1361 3744 eooleeia,
1389 3682 1482 3728 suam
1514 3664 1555 3729 ab
1584 3665 1754 3750 evangelio
1783 3601 1996 3731 deteotiouam
2018 3683 2079 3749 pro
2108 3662 2186 3731 eori-

185 3759 243 3825 est,
255 3770 339 3834 quae
348 3769 405 3833 por
416 3750 623 3832 evangelium
634 3748 730 3814 nobis
741 3749 886 3833 affulget.
904 3749 989 3814 Nam
997 3750 1052 3815 ubi
1060 3769 1159 3814 evan·
1210 3771 1308 3816 sensu
1330 3748 1509 3816 eatholioae
1531 3749 1645 3817 haberi
1667 3751 1790 3818 volout.
1820 3751 1909 3832 Quid
1931 3748 2059 3818 simile?
2094 3750 2186 3837 orgo

185 3834 317 3934 goliam,
338 3836 405 3901 illio
422 3856 496 3919 spes
518 3844 570 3901 est
582 3836 698 3935 salotis
719 3845 881 3935 aeternae.
919 3832 985 3902 Sed
1001 3835 1157 3934 memine-
1211 3856 1312 3919 quum
1335 3834 1375 3900 de
1397 3856 1559 3902 eonsensu
1581 3835 1735 3936 eooleeiae
1757 3837 1935 3920 disputatio
1957 3845 2016 3917 est,
2038 3835 2079 3902 ad
2095 3854 2188 3937 apop-

184 3920 1159 4093 tttttttttlttttttltlt“tltt‘tttt
1211 3922 2024 4094 Attollat?”tttltttttltttttt
2050 3920 2187 4074 A&

183 4091 360 4172 abduount,
382 4103 419 4157 ιιι
441 4092 518 4159 alibi
540 4101 738 4178 oooupentur
759 4094 930 4159 homiuum
953 4102 1088 4159 mentes.
1211 4094 1312 4159 salem
1334 4102 1446 4158 notam
1468 4094 1621 4176 aooipiat:
1648 4095 1730 4160 nihil
1753 4094 1843 4161 aliud
1865 4096 2027 4180 signifieat
2048 4093 2187 4178 Paulus,

273 4179 362 4262 Quod
382 4179 529 4246 audistis.
573 4178 660 4259 Quia
690 4181 850 4264 evangelii
880 4199 1000 4245 nomeu
1020 4178 1159 4261 superbe
1212 4199 1309 4262 qnam
1333 4180 1453 4262 passim
1474 4178 1570 4263 longo
1592 4179 1723 4263 lateque
1744 4201 1816 4246 esse
1838 4181 2070 4264 praedieatum.

184 4266 284 4330 etiam
314 4266 438 4332 iaetare
467 4265 575 4330 solent
608 4265 867 4350 pseudoapostoli
901 4266 958 4350 qui
985 4265 1157 4330 Christum
1299 4263 1398 4330 ortos
1417 4265 1520 4346 sudas
1540 4285 1621 4331 sara.
1666 4268 1746 4351 Agit
1773 4267 1871 4332 stiam
1894 4267 1934 4332 de
1955 4287 2015 4332 sua
2036 4284 2188 4351 persona,

186 4350 332 4416 lauerant
360 4364 392 4417 et
418 4352 670 4418 oousoinduntz.
686 4361 718 4417 et
746 4351 807 4418 hoo
837 4353 994 4417 usitatum
1016 4350 1159 4415 Satanae
1211 4349 1298 4434 quod
1320 4370 1438 4433 operae
1460 4353 1600 4433 pretium
1624 4363 1703 4419 erat.
1742 4351 1879 4435 Semper
1896 4352 1984 4417 enim
2002 4351 2188 4420 oavendum

186 4435 371 4517 artitioium,
394 4437 476 4504 ialso
490 4437 653 4522 evangelii
674 4447 846 4520 praetextu
862 4437 1075 4504 oonsoientias
1092 4447 1159 4501 tur·
1213 4459 1254 4501 ne
1273 4445 1394 4501 temere
1413 4437 1677 4521 nosiugeramus
1695 4439 1735 4503 ad
1750 4440 1894 4505 offitium
1910 4436 2059 4504 dooeudi.
2097 4438 2188 4524 Ergo

186 4521 279 4587 bare:
307 4531 345 4588 ut
366 4523 503 4591 ooniusa
532 4525 574 4589 sit
602 4523 764 4607 evangelii
795 4524 931 4589 veritas:
960 4521 1033 4588 ideo
1055 4522 1158 4587 nomi·
1212 4522 1273 4587 sibi
1296 4542 1415 4587 munos
1438 4523 1620 4590 iniouotom
1643 4545 1714 4591 esse
1744 4534 1890 4603 testator,
1922 4529 1960 4590 ut
1987 4524 2050 4590 sihi
2080 4525 2133 4590 ius
2153 4524 2189 4590 at

186 4609 291 4674 natim
313 4608 437 4674 Paulus
462 4611 579 4677 asserit
601 4610 663 4675 hoo
685 4610 872 4692 genuinum,
904 4608 966 4675 hoo
987 4607 1158 4674 indubium
1211 4609 1417 4674 autoritatem
1430 4610 1587 4675 eonoiliet.
1620 4610 1802 4692 thor'dem
1815 4631 1909 4677 sarm
1922 4609 2190 4692 apostolatotttat't

186 4715 257 4761 esse
293 4696 500 4778 evangelium
537 4695 620 4779 quod
654 4694 827 4761 audierant
859 4694 1082 4779 colossenses,
1119 4692 1160 4759 ab
1211 4714 1281 4760 eom
1302 4714 1408 4760 eoum
1427 4693 1489 4774 tide
1510 4697 1674 4780 soniaapr't,
1702 4702 1738 4762 at
1757 4716 1904 4778 respuere
1924 4699 1991 4762 eius
2012 4697 2190 4763 ᾶοσιήιιιια

186 4780 345 4866 Epaphra
378 4781 512 4865 soilioet,
545 4803 585 4847 ne
617 4801 731 4846 aorem
764 4780 956 4864 praeberent
986 4780 1160 4846 eontrariia
1212 4785 1373 4863 musam,
1386 4780 1452 4844 nisi
1464 4782 1654 4865 eoquelium
1668 4781 2189 4867 perspicacissimam&

188 4869 352 4935 doetrinis.
412 4867 515 4934 Addit
549 4876 719 4951 praeterea
754 4867 1042 4950 oonfirmatiouem,
1078 4863 1161 4930 illud
2138 4889 2141 4892 “

187 4954 294 5035 ipsum
317 4976 388 5021 esse
411 4955 497 5038 quod
520 4974 577 5038 per
600 4961 705 5020 totum
727 4952 838 5019 orbem
862 4953 1084 5037 praedieatom
1106 4951 1160 5016 sit.
1214 5006 1220 5017 .
1298 4952 1352 5017 24.
1386 4951 1480 5017 Nune
1509 4955 1631 5037 paradeo
1657 4954 1694 5018 ia
1716 4954 1924 5037 passionibus
1947 4975 2009 5036 pro
2035 4953 2133 5038 robis,
2160 4956 2189 5019 et

188 5038 265 5103 Non
287 5041 441 5126 vulgaris,
472 5042 614 5124 inquam,
642 5050 691 5104 est
720 5040 784 5106 ista
811 5039 1026 5122 eonfirmatio,
1059 5057 1161 5122 quum
1214 5038 1371 5120 odoirpleo
1392 5058 1431 5105 aa
1451 5056 1531 5119 quae
1545 5041 1655 5104 &aare
1670 5040 1894 5123 afflictionibus
1910 5039 2028 5107 Gbristr‘
2044 5040 2079 5105 in
2097 5058 2190 5107 tamo

188 5124 327 5192 audiunt
356 5149 391 5195 se
415 5128 534 5193 habere
556 5125 775 5211 universalem
806 5126 973 5193 ecelesiam
1000 5123 1062 5213 eibi
1083 5144 1161 5190 eon·
1214 5145 1293 5208 meo
1316 5145 1380 5208 pro
1410 5143 1537 5205 torpore
1563 5127 1642 5207 eius,
1670 5127 1752 5208 prod
1772 5133 1818 5192 est
1837 5126 1979 5193 maro:
2021 5126 2075 5193 25.
2097 5126 2190 5193 αιόιιι

186 5212 405 5279 sentientem:
442 5234 502 5281 neo
533 5233 570 5279 se
602 5210 690 5278 aliud
719 5211 891 5281 doetrinae
921 5231 1028 5294 genus
1060 5212 1163 5292 sequi,
1212 5211 1317 5295 taetras
1349 5231 1420 5278 sam
1450 5211 1602 5292 minister,
1634 5213 1803 5279 smrdom
1835 5213 2098 5296 dispensationem
2125 5211 2191 5280 Dei
