4762 6016
184 300 246 371 391
810 297 953 400 EPIST.
976 297 1117 366 PAULI
1141 297 1205 363 AD
1227 297 1508 366 lelOTHlthl
1530 298 1566 364 11
2120 302 2184 369 392

186 491 263 575 qnia
280 487 404 570 eodem,
426 508 489 572 quo
504 509 581 574 erga
604 509 662 555 nos
684 487 798 572 eoepit,
818 487 1024 554 liberalitatis
1046 495 1160 553 tenore
1210 487 1292 566 viro,
1322 485 1490 554 christum
1520 486 1622 553 amori
1648 487 1769 554 saeouli
1791 486 2025 571 posthabuisse.
2069 489 2183 576 Neque

185 576 294 659 priora
316 595 375 641 sna
397 574 481 640 dona
495 574 728 657 posterioribus
749 572 903 640 aemulat..
940 573 1081 639 Frustra
1098 573 1158 659 igi·
1210 578 1321 639 tamen
1335 572 1543 657 rogitandum
1559 582 1620 656 est,
1645 594 1718 639 enm
1734 573 1895 658 abnegato
1906 594 2040 657 prorsas
2052 575 2182 646 christo

186 671 241 726 tur
264 670 297 725 et
325 679 494 744 perperam
517 659 595 725 hino
617 666 763 744 papistae
814 659 929 725 robure
951 657 1160 741 contendunt,
1211 659 1329 723 iterum
1359 679 1394 724 se
1423 658 1475 722 vel
1506 658 1680 742 impietati,
1714 658 1766 723 vel
1795 658 1958 726 illeoebris
1987 662 2102 728 mundi
2130 664 2182 728 ad·

186 767 207 811 a
229 747 352 811 virtute
368 746 462 810 liberi
477 746 603 810 arbitrii
619 747 777 828 protieieoi
793 682 878 810 bona
893 764 1006 828 opera:
1030 744 1160 828 qnando
1212 744 1347 810 dixisse:
1370 745 1428 810 sed
1450 749 1575 809 tantum
1598 745 1727 827 privata
1745 763 1804 810 sua
1819 747 2000 828 oommoda,
2021 747 2076 813 vel
2091 769 2183 815 snam

186 833 321 897 minime
344 828 519 896 absurdum
549 836 599 897 est
626 840 664 896 nt
686 830 778 897 Deus
807 850 867 895 sua
889 829 974 894 dona
1003 830 1038 895 in
1067 828 1160 896 nohis
1212 829 1416 896 securitatem
1445 829 1542 895 Pauli
1573 830 1658 895 vitae
1687 829 1895 913 praetulerat.
1940 832 2044 898 Paulo
2072 833 2183 902 adesse

187 927 327 983 eoronet.
369 915 439 982 Neo
461 917 570 982 minue
598 918 695 983 etiam
719 917 839 982 frustra
860 919 894 980 et
919 914 1020 981 stulte
1040 936 1159 981 oenan-
1211 936 1275 981 non
1306 924 1434 999 poterat
1464 916 1534 981 siue
1563 915 1675 981 multis
1697 915 1854 982 molestiis
1875 924 1909 982 et
1931 919 2119 1002 angoribus,
2147 941 2184 988 ae

187 1012 242 1067 tnr
264 1001 341 1068 hino
364 1001 530 1067 destruere
553 1000 628 1067 fidei
650 1001 818 1081 iustitiam,
839 1001 970 1085 quando
992 1001 1074 1066 nihil
1098 1000 1160 1067 dis·
1211 1022 1285 1067 oum
1315 1001 1479 1085 praesenti
1506 1000 1592 1067 vitae
1621 1020 1699 1066 suae
1728 1000 1888 1085 perioalo:
1919 1006 2086 1087 expositus
2115 1015 2184 1072 erat

187 1087 271 1153 sidet
295 1087 354 1152 Dei
378 1087 516 1171 bonitas,
545 1108 608 1171 qua
629 1088 732 1172 gratis
755 1087 921 1153 hominem
944 1087 1159 1170 ampleotitur,
1211 1086 1325 1151 multis
1346 1087 1483 1170 probris,
1506 1087 1626 1152 multae
1646 1085 1859 1172 indignitates
1881 1086 2067 1166 devorabat,
2090 1110 2183 1176 ooge·

187 1182 319 1258 peooata
333 1193 399 1237 non
414 1173 616 1258 imputando,
634 1173 675 1240 ab
689 1192 728 1238 es
745 1192 878 1256 opernm
894 1172 1159 1239 remuneratione
1212 1172 1309 1239 batur
1329 1192 1439 1237 rerum
1458 1192 1591 1238 suarum
1607 1192 1715 1237 euram
1731 1172 1932 1256 relinquero:
1954 1175 2061 1242 taedio
2074 1178 2183 1261 itaque

187 1280 283 1343 qnam
306 1258 418 1323 eadem
441 1257 636 1326 liberalitate
658 1259 780 1342 reddet,
802 1278 866 1343 qua
888 1261 1044 1341 promisit.
1211 1258 1315 1324 oruois
1346 1257 1467 1341 viatus,
1502 1258 1600 1322 rebus
1632 1258 1700 1324 sais
1733 1261 1917 1342 prospioere
1950 1258 2060 1328 voluit.
2116 1262 2184 1330 Neo

274 1343 454 1410 Neesoiam
467 1343 556 1411 mibi.
589 1344 635 1412 Ut
653 1344 762 1410 eodem
782 1344 898 1426 reliqui
916 1366 1029 1413 omnes
1050 1349 1159 1413 animo
1212 1341 1346 1408 dubium
1376 1343 1455 1426 quin
1482 1342 1615 1409 haberet
1637 1345 1810 1428 propitiam
1841 1363 1963 1424 numm,
1990 1368 2073 1430 quae
2095 1347 2144 1414 illi
2164 1367 2184 1413 a

187 1451 297 1498 seeum
320 1428 471 1508 militent,
494 1430 534 1493 ad
563 1451 702 1497 coronae
729 1429 913 1496 sooietatem
943 1455 999 1499 eos
1027 1434 1157 1500 invitat.
1210 1428 1333 1494 mundo
1363 1428 1504 1495 alflabat.
1549 1428 1653 1494 Porro
1680 1428 1781 1495 fnisse
1804 1451 1900 1496 nunm
1923 1452 1964 1497 ex
1987 1433 2183 1518 praeoipnis,

186 1518 302 1600 Neque
332 1517 419 1581 enim
449 1523 558 1598 posset
586 1517 725 1582 inlraota
752 1516 821 1581 eins
850 1520 1035 1585 constantis
1067 1521 1159 1587 nobis
1211 1514 1287 1580 iude
1309 1513 1468 1581 uoniiuere
1490 1514 1576 1595 lieet,
1599 1515 1685 1597 quod
1708 1535 1783 1581 eum
1799 1516 1885 1581 iuter
1899 1535 2017 1601 puuouu
2032 1520 2184 1586 nominat

187 1622 259 1668 esse
292 1601 451 1686 exemplo,
484 1601 547 1666 nisi
578 1601 689 1667 eadem
723 1622 797 1685 spes
829 1621 964 1670 oorunas
996 1606 1160 1690 proposita
1212 1599 1336 1664 Paulus
1364 1600 1407 1666 ad
1436 1600 1561 1666 Goloss.
1590 1600 1620 1680 4,
1650 1600 1702 1684 14,
1735 1600 1886 1667 similiter
1912 1602 1946 1667 in
1973 1603 2109 1686 epistola
2139 1604 2181 1669 ad

188 1689 340 1753 omnibus
362 1698 456 1753 esset.
500 1685 628 1773 Insigni
657 1695 765 1752 antem
796 1698 872 1751 nota
902 1689 973 1773 pios
999 1691 1159 1777 designat,
1211 1685 1351 1752 Philem.
1384 1685 1436 1766 24,
1470 1686 1524 1753 ubi
1557 1689 1654 1753 etiam
1687 1685 1888 1753 adiutoribus
1919 1688 1987 1753 suis
2016 1710 2089 1754 eum
2121 1709 2179 1754 an·

187 1795 286 1857 quum
310 1771 396 1852 dioit,
422 1772 608 1839 omnibus
634 1773 700 1856 qui
728 1771 915 1857 diligunt
937 1775 1158 1843 adventum
1212 1780 1371 1838 numerat.
1408 1771 1520 1852 Quare
1543 1793 1608 1837 nou
1632 1773 1750 1837 mirum
1774 1784 1824 1837 est
1839 1774 1869 1839 si
1888 1792 1961 1838 eum
1978 1786 2044 1839 tam
2059 1774 2181 1841 duntur

187 1861 286 1926 eius.
341 1856 386 1923 ut
416 1862 494 1923 certe
524 1857 697 1941 abiasaqae
728 1857 841 1942 aiqebd
868 1858 958 1941 rides,
989 1882 1051 1928 aaa
1079 1864 1161 1929 sinet
1210 1856 1265 1922 bio
1287 1858 1495 1941 perstringat,
1517 1859 1672 1940 quoniam
1695 1856 1850 1923 maiorem
1874 1858 1925 1923 sui
1943 1880 2040 1942 quam
2058 1859 2182 1925 Ohristi

185 1946 308 2011 animos
329 1945 364 2008 ia
385 1943 501 2008 mando
521 1948 652 2026 torpere,
673 1944 728 2011 sed
748 1944 792 2010 ad
812 1963 897 2027 mem
910 1946 1040 2013 ultimae
1053 1968 1158 2014 resar-
1210 1941 1370 2007 rationem
1394 1942 1560 2008 habuerat.
1597 1944 1676 2023 Alii,
1701 1943 1871 2027 dequibus
1894 1954 2006 2025 postea
2023 1947 2182 2030 meminit,

185 2029 331 2095 rectionis
345 2028 468 2094 ababa.
504 2028 679 2114 Signifioat
694 2030 804 2115 igitur,
826 2050 940 2097 omnes
962 2033 1018 2117 qui
1035 2032 1158 2099 mundo
1211 2046 1278 2092 uon
1300 2028 1515 2094 disoeeserant
1537 2029 1578 2094 ab
1600 2049 1638 2094 eo
1661 2030 1723 2095 nisi
1745 2029 1841 2094 iustis
1864 2027 1904 2094 de
1925 2032 2040 2109 oaueb,
2062 2040 2096 2096 et
2114 2033 2183 2115 ipso

186 2117 233 2180 ita
256 2120 333 2180 sunt
361 2114 491 2194 addioti,
523 2128 554 2180 et
583 2115 706 2180 fluxam
729 2115 814 2180 hano
841 2114 942 2182 vitam
966 2128 1088 2198 amant,
1120 2131 1158 2184 ut
1210 2114 1257 2178 uiu
1278 2113 1414 2180 volente.
1450 2112 1547 2180 Unde
1568 2128 1712 2198 apparet,
1734 2135 1799 2179 non
1821 2115 1869 2178 ita
1888 2116 2054 2182 studuisse
2076 2118 2184 2199 ipsum

187 2222 252 2267 non
274 2209 390 2269 onreut
412 2199 587 2266 adventum
611 2200 749 2283 Christi,
771 2220 830 2266 neo
853 2202 919 2267 ullo
941 2205 1010 2269 eius
1033 2202 1157 2270 deside·
1210 2199 1281 2275 sibi,
1310 2209 1348 2264 nt
1369 2199 1523 2281 spoliaret
1544 2200 1694 2266 eoelesias
1717 2201 1784 2266 suis
1807 2201 1999 2282 pastoribus,
2024 2203 2183 2268 duntaxat

186 2287 234 2352 rio
256 2292 445 2369 tangantur,
473 2307 544 2351 sese
566 2286 695 2370 privare
724 2287 897 2352 immortali
927 2288 1042 2373 gloria.
1089 2289 1158 2356 Vae
1210 2297 1247 2349 ut
1275 2285 1468 2350 levationem
1490 2285 1567 2350 inde
1590 2286 1732 2368 aliquam
1755 2287 1900 2351 sentiret.
1945 2286 2064 2352 Prooul
2086 2287 2183 2354 dnbio

186 2373 287 2458 igitur
309 2373 433 2456 stupori
454 2382 566 2437 nostro
581 2373 637 2456 qui
660 2393 720 2437 nos
735 2392 904 2455 oppressos
927 2380 1016 2440 tenet
1032 2396 1074 2441 ne
1096 2397 1157 2440 nn·
1210 2388 1339 2452 semper
1371 2369 1432 2435 hoo
1460 2389 1558 2436 aurae
1589 2370 1713 2448 habuit,
1747 2392 1801 2436 eos
1831 2371 1871 2436 ad
1901 2393 1936 2436 se
1966 2392 2092 2452 vooare,
2127 2380 2183 2439 ant

187 2479 282 2541 quam
307 2456 346 2522 de
369 2455 493 2523 Christi
514 2457 657 2523 adventu
681 2457 766 2523 serio
788 2459 976 2542 eogitemue,
1005 2461 1049 2526 ad
1070 2480 1159 2543 prem
1210 2455 1351 2520 retinere
1379 2476 1498 2535 seeum,
1526 2476 1665 2541 quornm
1689 2457 1836 2523 absentia
1857 2455 1930 2521 aliis
1952 2456 2095 2525 eoelestis
2118 2480 2182 2526 non

186 2544 307 2611 decebat
325 2547 403 2608 totos
422 2543 586 2609 intrudere.
619 2543 712 2609 Adde
731 2543 814 2624 qaod
834 2565 850 2609 e
867 2543 1009 2626 fideliam
1029 2564 1158 2612 ιιιιιιιινο
1210 2541 1347 2607 obesset.
1390 2540 1464 2608 Hao
1486 2546 1611 2609 ratione
1632 2544 1760 2608 Titum
1782 2542 1992 2627 ablegaverat
2018 2548 2056 2608 in
2085 2544 2181 2611 Dal·

187 2629 323 2696 eadadr't
343 2627 456 2712 quibas
474 2628 691 2711 formidabilis
712 2635 756 2694 est
779 2627 899 2696 Christi
918 2631 1077 2712 αᾶυειιιιιε,
1103 2631 1160 2716 qai
1211 2625 1382 2711 matiam,
1404 2638 1437 2692 ot
1459 2627 1539 2693 alios
1556 2627 1630 2706 alio,
1653 2649 1753 2713 quum
1770 2628 1978 2694 Timotheum
1993 2640 2180 2696 anoerseret.

187 2714 281 2801 diligi
301 2735 362 2779 aaa
378 2717 480 2796 potest
499 2714 576 2796 qaia
597 2715 707 2781 amois
728 2715 770 2780 sit
790 2733 828 2781 aa
847 2716 1013 2784 tusaredus.
1211 2710 1282 2777 lruo
1320 2733 1361 2776 ne
1394 2713 1566 2779 Timotheo
1604 2713 1738 2781 absente
1776 2712 1933 2780 destituta
1969 2724 2027 2780 aut
2057 2717 2182 2783 nudata

1210 2808 1342 2863 maneat
1359 2797 1577 2881 Ephesiorum
1594 2801 1738 2878 ecelesia,
1757 2798 1972 2879 Tyobionm
1994 2800 2073 2867 illue
2095 2804 2181 2868 mit·

274 2885 303 2952 9.
327 2883 382 2952 Da
402 2904 528 2967 operam
548 2889 585 2950 at
602 2885 646 2951 ad
665 2905 713 2951 me
732 2887 841 2952 reatos
859 2888 926 2954 aito.
965 2887 1016 2956 10.
1038 2887 1160 2956 Danas
1211 2884 1276 2948 tit:
1307 2894 1405 2966 atque
1429 2883 1463 2948 id
1485 2883 1607 2951 indioat
1629 2886 1808 2967 Timotheo,
1838 2896 1875 2951 ut
1896 2886 1979 2953 soiat
2001 2907 2068 2953 nou
2092 2886 2182 2956 deln-

188 2974 271 3040 eaim
290 2991 339 3036 me
359 2969 494 3054 reliquii,
515 2970 677 3054 ampiexus
696 2969 751 3037 beo
770 2972 937 3056 saeculum,
959 2979 988 3040 et
999 2974 1159 3057 prosedas
1210 2977 1320 3035 turum
1344 2969 1400 3053 qni
1421 2989 1496 3034 suas
1519 2972 1606 3036 vioes
1628 2971 1768 3055 expleat.

189 3064 233 3125 est
264 3055 533 3124 Thessalonicam:
564 3054 709 3124 Orestem
735 3056 771 3122 ia
801 3057 973 3141 Galatiam,
1003 3059 1097 3126 Titus
1123 3061 1160 3126 ia
1298 3054 1349 3122 13.
1361 3053 1621 3139 Pmatamquam
1635 3057 1767 3124 Troade.
1783 3057 1833 3123 De
1847 3056 2004 3125 vooabulo
2042 3060 2181 3127 enulae

188 3142 402 3212 Dalmatiam:
447 3143 497 3208 11.
524 3141 630 3208 Laoas
654 3147 699 3209 est
725 3142 811 3211 soher
835 3163 961 3211 measm.
1010 3145 1160 3212 Morosa»
1210 3160 1276 3206 non
1309 3140 1519 3208 eonsentiuut
1546 3142 1753 3226 interpretes:
1787 3143 1863 3226 quia
1889 3163 1978 3210 nonu
2030 3145 2037 3159 ‘
2068 3145 2183 3212 volunt

188 3249 313 3297 assuete
344 3233 379 3295 at
409 3232 506 3295 heum
537 3228 692 3294 macas:
722 3232 767 3294 est
794 3230 877 3296 esim
904 3229 984 3296 mihi
1010 3230 1099 3297 atriis
1125 3231 1160 3297 ia
1212 3226 1355 3293 aronlam
1373 3245 1454 3304 esee,
1476 3234 1534 3292 ant
1551 3226 1676 3295 theoam
1693 3228 1870 3310 librariam,
1892 3228 1949 3294 alii
1962 3249 2067 3314 genus
2082 3233 2182 3298 vestis

188 3315 405 3382 ministeriam.
460 3312 511 3379 12.
547 3312 713 3397 Tyebiaem
747 3319 850 3380 aahm
879 3315 954 3381 misi
987 3315 1159 3398 Ephesum.
1212 3312 1368 3378 viatoriae
1389 3312 1565 3396 frigoribus
1586 3322 1620 3378 et
1639 3313 1761 3399 pluviis
1782 3315 1932 3382 arsendis
1954 3322 2074 3398 aptum.
2118 3315 2181 3383 Ut·

190 3401 241 3468 13.
256 3398 514 3482 Pensiomqaam
531 3398 653 3466 Troade
664 3399 778 3482 reliqui
791 3401 879 3483 apsa
895 3398 1041 3485 Gomara,
1064 3421 1160 3486 qaam
1211 3399 1302 3464 ravis
1329 3406 1437 3463 antem
1467 3397 1694 3482 interpretatio
1718 3401 1823 3484 magis
1844 3401 1981 3485 plaoeat,
2009 3411 2065 3484 qut
2085 3401 2123 3466 fit
2145 3416 2182 3467 ut

188 3487 301 3570 arabs,
324 3487 411 3570 offer,
433 3491 463 3552 et
482 3485 578 3552 libros
599 3489 628 3552 et
646 3485 851 3552 ιιιειιιὺναιιαι.
953 3554 956 3561 Δ
1211 3481 1273 3549 sibi
1303 3492 1361 3548 aut
1382 3493 1515 3568 vestem,
1545 3493 1603 3550 ant
1631 3486 1774 3552 arontam
1804 3507 1846 3552 ex
1874 3486 1945 3554 loeo
1967 3494 2035 3551 tum
2056 3495 2182 3553 remoto

1212 3567 1332 3634 advehi
1364 3568 1474 3633 iubeat
1503 3568 1649 3637 Paulus?
1674 3573 1776 3655 quasi
1803 3572 1929 3639 Romae
1960 3571 2043 3638 nulli
2075 3580 2183 3641 essent

275 3658 306 3725 9.
328 3657 384 3724 Da
412 3676 548 3741 operam
597 3656 705 3739 Quum
736 3658 850 3724 mortis
880 3666 1008 3742 tempus
1036 3659 1160 3724 instare
1212 3654 1353 3737 opifioes,
1383 3653 1434 3718 vel
1463 3654 1555 3720 nulla
1584 3657 1685 3738 panni
1714 3667 1772 3724 aut
1798 3658 1962 3744 lignorum
1991 3660 2094 3742 eopia.
2144 3657 2182 3727 Si

190 3746 296 3824 seirat,
318 3765 382 3809 non
406 3742 517 3810 dubito
538 3744 613 3827 quin
638 3743 741 3808 multa
763 3743 915 3809 habuerit
933 3743 972 3809 de
991 3743 1109 3826 quibus
1126 3745 1158 3808 in
1213 3739 1357 3807 arculam
1386 3738 1565 3807 dixerimus
1591 3741 1690 3819 libris,
1720 3752 1776 3808 aut
1798 3744 1928 3828 ehartis,
1958 3755 2017 3810 aut
2038 3745 2183 3828 epistolis

190 3831 344 3898 ecelesiae
385 3829 502 3894 bonnm
545 3849 652 3896 eorem
693 3828 841 3895 eonferre
878 3850 951 3895 oum
988 3828 1160 3895 Timotheo
1212 3826 1383 3903 refertam,
1415 3824 1521 3891 soluta
1557 3831 1619 3892 erit
1649 3830 1809 3911 quaestio:
1844 3830 1934 3896 nullo
1964 3831 2052 3896 enim
2081 3830 2184 3914 pretio

190 3917 300 3984 vellet.
344 3916 458 3999 Itaque
487 3935 552 3980 non
578 3914 702 3980 dubitat
725 3935 766 3978 ex
788 3915 1009 3981 transmarina
1030 3913 1161 3999 regione
1213 3912 1393 3993 eomparari
1415 3921 1551 3993 poterat,
1574 3912 1630 3978 sed
1655 3915 1730 3998 quia
1752 3915 1846 3980 multi
1864 3915 1949 3982 hano
1963 3917 2184 3982 oonieoturam

190 4023 265 4071 eum
288 4021 460 4067 aooarsere.
497 4001 572 4066 Non
595 4011 665 4065 erat
686 4011 773 4066 oerte
794 4000 875 4066 levis
896 4021 993 4067 eausa
1010 4021 1067 4066 our
1085 4020 1160 4065 eum
1214 4016 1279 4061 non
1302 3997 1470 4081 reeipient,
1493 3998 1585 4064 laeile
1607 4000 1783 4084 ampleotor
1801 4022 1916 4066 nomeu
1933 4001 2080 4085 penulae.
2113 4000 2183 4068 Neo

190 4091 231 4155 ab
258 4086 403 4166 eaolosia,
425 4087 479 4153 eui
502 4094 660 4170 praeerat,
689 4093 856 4152 evooaret:
886 4086 1070 4170 etquidem
1093 4095 1161 4150 tam
1213 4082 1388 4148 absurdum
1418 4092 1477 4158 est,
1508 4096 1574 4149 tam
1605 4085 1717 4169 pruoul
1747 4086 1891 4163 aPaulo
1918 4086 2051 4169 petitam
2073 4085 2182 4165 luisse,

192 4173 314 4259 proaul.
358 4172 441 4237 Inde
472 4171 546 4236 lieet
574 4170 726 4255 rolligere
749 4182 905 4255 qnantum
929 4171 1070 4237 habeant
1091 4190 1161 4235 mo·
1213 4190 1251 4234 eo
1273 4167 1359 4251 quod
1381 4189 1422 4233 ex
1445 4167 1600 4235 diuturno
1614 4192 1675 4236 usu
1689 4172 1798 4238 lutura
1813 4180 1898 4239 esset
1912 4172 1961 4237 illi
1975 4171 2181 4250 oommodior,

191 4260 296 4325 menti
319 4259 430 4323 talium
448 4259 591 4323 virorum
609 4257 873 4340 colloquutiones.
911 4257 995 4323 Nam
1012 4257 1161 4325 omnibus
1214 4253 1310 4320 vellet
1346 4265 1454 4318 autem
1487 4266 1652 4338 sumptum
1686 4259 1837 4345 effugere.
1892 4257 2099 4341 Quamquam
2133 4256 2183 4340 (nt

192 4345 335 4410 eoelestis
363 4345 418 4407 din
447 4344 650 4426 profuturum
681 4353 751 4407 erat
779 4343 863 4426 qnod
894 4342 983 4408 brevi
1006 4344 1161 4425 temporis
1214 4359 1327 4406 verum
1357 4338 1472 4426 fatear)
1501 4341 1581 4406 mihi
1610 4344 1699 4426 prior
1729 4345 1952 4428 interpretatio
1975 4343 2081 4428 magis
2103 4343 2183 4409 arri.-

192 4431 295 4513 spatio
325 4428 488 4514 didioisset
513 4429 719 4494 Timotheus:
747 4437 785 4493 nt
815 4427 895 4493 levis
923 4436 1009 4494 esset
1038 4427 1161 4493 dimidii
1215 4425 1285 4492 det:
1322 4427 1510 4507 praesertim
1550 4449 1648 4511 quum
1682 4452 1760 4496 mox
1793 4431 1940 4497 subiioiat
1975 4427 2108 4495 libros
2144 4435 2183 4495 et

192 4515 244 4581 vel
281 4517 380 4580 totius
416 4515 494 4580 anni
527 4514 650 4580 iaetura
684 4534 761 4597 prae
793 4514 1063 4598 oompensatione.
1118 4514 1162 4579 Ilt
1214 4509 1483 4578 membranas.
1519 4513 1617 4580 Unde
1634 4523 1768 4598 apparet
1785 4516 1980 4599 apostolum,
2002 4535 2102 4600 quum
2118 4516 2181 4579 iam

192 4611 303 4668 tamen
333 4620 374 4664 ex
402 4601 611 4684 sequentibus
640 4610 782 4684 apparet,
813 4599 953 4665 Paulum
982 4620 1042 4665 sna
1063 4602 1161 4665 etiam
1214 4598 1256 4664 ad
1278 4601 1416 4662 mortem
1440 4619 1474 4662 se
1496 4611 1636 4682 pararet,
1666 4608 1863 4666 nontamen
1887 4623 1906 4668 a
1928 4601 2065 4667 leotiono
2087 4601 2183 4667 desti·

193 4691 321 4772 privata
343 4705 440 4752 eausa
461 4686 670 4751 Timotheum
692 4705 819 4766 souare,
846 4687 921 4770 qnia
943 4684 1018 4751 fidis
1040 4685 1161 4751 adiuto-
1216 4684 1302 4749 tissa.
1344 4681 1409 4748 Ubi
1446 4704 1523 4768 ergo
1559 4697 1646 4764 suut,
1681 4685 1735 4768 qni
1772 4705 1807 4750 se
1838 4708 1977 4770 eousque
2009 4686 2183 4770 prolusisse

194 4775 287 4840 ribus
315 4772 559 4838 destituebatur.
612 4772 756 4837 Tametsi
787 4773 872 4853 qnod
901 4791 977 4870 suae
1005 4791 1163 4854 personae
1215 4776 1331 4868 putant
1368 4777 1404 4834 ut
1435 4769 1526 4834 nulla
1558 4770 1696 4855 amplius
1728 4772 1960 4838 exereitatione
1991 4768 2182 4871 indigeant?

194 4857 1162 5028 :stultstt:r:littlttttttlt:luth
1214 4855 1374 5007 ittet.
1389 4855 2060 5028 laittrtthttullhlttt
2085 4868 2183 5010 titt

194 5033 286 5097 siouti
320 5031 390 5115 ipse
421 5050 462 5094 ex
494 5029 631 5096 vinealis
664 5049 737 5094 eam
767 5028 974 5107 defendebat:
1007 5029 1052 5095 sio
1081 5047 1163 5111 opus
1214 5025 1408 5106 oontemptie
1442 5024 1659 5110 damnataque
1696 5029 1784 5093 omni
1813 5028 1961 5108 leotione,
1994 5028 2079 5095 solos
2107 5047 2183 5095 suos

191 5115 335 5181 habehat
355 5114 492 5181 aliorum
515 5136 614 5200 opera
636 5115 676 5180 ad
695 5114 913 5182 detonsionem
931 5111 1161 5179 adiuvandam.
1214 5109 1463 5196 ἐνθουσιαςμοὺς
1492 5111 1623 5179 iaetaut.
1668 5111 1735 5180 Nos
1758 5132 1835 5180 vero
1863 5115 2004 5180 soiamus
2032 5113 2095 5181 hoe
2117 5112 2183 5180 loos

281 5201 331 5268 10.
359 5199 533 5286 Amplroeaa
561 5200 617 5267 boe
644 5200 808 5268 saeculam.
858 5201 968 5282 Turpe
996 5219 1076 5265 sane
1104 5195 1162 5263 teli
1214 5199 1277 5281 piis
1308 5198 1459 5264 omnibns
1492 5196 1710 5264 sommendari
1743 5196 1905 5265 assiduam
1939 5200 2114 5267 leotionem
2142 5218 2183 5266 ex
