4762 6016
186 392 252 465 28⁷
808 383 952 451 EPIST.
975 379 1120 448 PAULI
1142 381 1206 453 ΔΙ)
1228 379 1513 447 'HMO'PHEUM
1534 378 1563 445 Ι.
2127 377 2195 445 288

190 585 314 655 stratio.
352 582 525 656 Caeterum
546 578 620 662 plns
634 597 731 660 quum
753 574 884 643 ridiouli
904 582 984 643 sunt
1007 574 1162 659 paphiae,
1211 573 1265 641 vel
1301 574 1447 640 sooordia
1483 593 1614 657 pessum
1652 582 1713 638 eat.
1770 570 1808 639 si
1841 571 2029 646 bominibus
2062 582 2192 641 tantum

189 673 267 739 dum
289 672 322 735 in
346 667 489 732 diaeonis
510 665 580 731 suis
600 662 707 731 fauere
729 681 764 728 se
782 660 964 727 obtendunt
978 661 1063 743 quod
1078 661 1163 726 Pau·
1214 659 1319 739 datur,
1348 669 1471 743 quanto
1498 658 1573 743 plus
1595 659 1667 726 Deo
1695 656 1760 741 ipsi
1788 657 1930 725 dandum
1958 659 2044 726 erit?
2087 657 2193 726 Porro

189 758 242 829 lue
261 751 462 838 praeseribit.
492 749 593 816 lnitio
607 768 764 832 quorsum
781 746 933 814 diaeonus
948 767 1026 813 suos
1039 754 1163 826 ornent,
1214 745 1385 812 aeolesiam
1413 764 1506 814 soem
1532 745 1593 810 hoe
1616 745 1749 813 nomine
1769 763 1837 810 uon
1859 743 1985 811 frustra
2005 742 2100 814 Deus
2121 743 2194 827 ipse

187 841 255 909 nisi
277 852 314 905 nt
335 842 371 904 in
394 857 513 920 pompa
533 834 667 902 oelioem
688 842 826 917 gestent,
848 837 882 898 et
903 831 1038 898 ludicris
1054 833 1164 898 neseio
1215 830 1386 915 dignatur:
1408 838 1521 915 utpote
1542 832 1597 913 qui
1613 851 1680 896 non
1694 828 1793 898 modo
1807 848 1869 896 nos
1885 828 2070 913 adoptionis
2084 829 2194 914 grata

187 925 307 1011 quibus
322 922 517 1008 speotaonlis
532 928 668 1004 pasoent
679 919 790 986 oeulos
800 915 1046 1002 imperitorum?
1068 916 1165 983 Adde
1215 917 1249 981 in
1275 916 1360 983 filios
1381 918 1512 999 rseepit‚
1540 915 1596 982 sed
1618 915 1717 982 etiam
1739 915 1776 980 in
1797 915 1905 987 medio
1926 914 2033 981 nostri
2054 913 2193 982 habitat

189 1008 275 1095 quod
298 1030 340 1075 ne
362 1009 397 1074 id
419 1006 552 1091 quidem
574 1015 716 1072 servant.
760 1004 875 1088 Neque
896 1003 984 1070 enim
1007 1002 1048 1068 ab
1069 1004 1164 1067 annis
1216 1001 1351 1069 Aooedit
1372 1023 1439 1067 non
1459 1002 1607 1086 vulgaris
1628 1001 1847 1087 emplifioetio,
1869 1022 1912 1073 ex
1932 1021 1972 1073 eo
1992 999 2081 1083 qood
2099 1011 2195 1068 vooet

186 1094 377 1180 quingentis
406 1091 560 1158 diaeonus
590 1110 677 1158 unua
704 1097 917 1166 oreatnsest,
948 1089 1014 1153 nisi
1040 1087 1165 1155 uthoo
1215 1088 1439 1156 oolumnam
1468 1098 1507 1153 et
1534 1087 1823 1155 firmamentum
1853 1085 2052 1153 veritatis.
2103 1085 2194 1168 Quid

230 1180 293 1249 edu
333 1183 418 1246 feoto
456 1199 532 1243 mox
567 1176 608 1247 ed
646 1176 886 1260 presbyterium
922 1173 1164 1241 oonsoenderet.
1215 1175 1303 1239 enim
1325 1174 1590 1258 magnifioeutius
1611 1175 1718 1255 potuit
1739 1170 1823 1240 diui?
1868 1171 1958 1254 Quid
1980 1181 2115 1241 aeterna
2135 1171 2195 1241 illa

187 1203 343 1349 guentae
375 1266 478 1350 igitur
508 1258 731 1346 impudentiae
763 1272 812 1326 eet
846 1260 932 1343 quod
965 1259 1090 1327 ieotent
1122 1259 1165 1326 ed
1216 1258 1356 1325 veritate
1384 1261 1568 1344 angustius,
1596 1262 1766 1344 magisque
1791 1269 2045 1336 seorossnotum.
2074 1276 2141 1341 qus
2161 1266 2195 1324 et

183 1349 325 1437 gradum
348 1349 497 1416 altiorem
513 1369 568 1415 eos
587 1347 684 1415 evehi
701 1347 758 1430 qui
776 1348 877 1429 probe
894 1345 1164 1425 ministraverint,
1218 1343 1282 1412 Dei
1315 1345 1419 1429 gloria
1449 1356 1483 1411 et
1513 1345 1684 1413 hominnm
1711 1344 1802 1417 sulse
1829 1342 2038 1415 eontinetur?
2089 1342 2131 1413 si
2159 1344 2195 1410 in

185 1457 291 1521 qnum
314 1458 369 1504 eos
391 1446 520 1501 tantum
543 1433 723 1500 seoerdotio
745 1452 803 1498 suo
823 1431 1002 1516 dignentur
1018 1430 1076 1513 qui
1094 1431 1163 1497 nul·
1217 1451 1322 1496 unum
1349 1433 1514 1499 oumulum
1535 1440 1755 1514 oongerantur
1775 1450 1890 1500 omnes
1911 1431 2065 1513 protense
2087 1428 2195 1512 philo·

186 1523 254 1589 lam
275 1522 393 1607 prioris
414 1521 511 1587 oifioii
533 1530 659 1603 partem
681 1538 825 1601 unquam
847 1516 1049 1600 attigerunt?
1215 1517 1351 1599 sophiae
1380 1518 1492 1584 leudes
1521 1519 1640 1601 quibus
1668 1538 1688 1583 a
1716 1517 1785 1583 suis
1809 1516 2025 1584 seotetoribos
2044 1524 2195 1596 ornatur,

276 1608 322 1674 Et
337 1607 508 1674 libertatem
525 1607 560 1670 irs
575 1604 646 1686 tide.
684 1604 803 1670 Merito
822 1602 882 1670 hoo
900 1601 1034 1668 eddidit.
1071 1600 1164 1667 Nihil
1216 1603 1296 1684 quid
1325 1604 1387 1670 hoo
1415 1604 1456 1670 ad
1485 1603 1677 1688 dignitatem
1705 1602 1853 1673 eoelestia
1882 1601 1981 1668 buius
2003 1601 2195 1685 sapientiae,

186 1693 278 1762 enim
309 1702 362 1760 eet
393 1692 480 1776 quod
512 1710 616 1774 seque
645 1688 830 1761 libertatem
859 1689 979 1771 pariat,
1012 1698 1052 1753 ut
1080 1686 1165 1752 bona
1216 1708 1301 1770 quae
1329 1689 1401 1755 sola
1427 1698 1461 1754 et
1489 1689 1556 1767 lux,
1584 1700 1618 1755 et
1643 1689 1776 1765 verius,
1805 1698 1839 1756 et
1869 1687 2017 1758 dootrina
2039 1687 2137 1770 vitae,
2159 1697 2195 1754 et

186 1779 388 1848 oonsoientia
416 1786 450 1845 et
475 1777 544 1843 vite
573 1795 592 1840 ι
620 1775 758 1842 erimine
787 1773 968 1858 probroque
997 1773 1163 1839 immunis.
1217 1774 1281 1852 rie,
1310 1784 1343 1842 et
1371 1795 1509 1858 regnum
1531 1774 1596 1841 Dei
1617 1774 1798 1860 praedioari
1818 1772 2005 1844 meretur?⁴
2030 1772 2134 1856 Atqui
2154 1792 2195 1841 es

186 1864 473 1947 Quemadmodum
495 1884 513 1928 e
533 1882 689 1929 eonverso
710 1859 842 1926 timidos
863 1880 935 1926 esse
956 1864 1088 1949 oportet
1107 1859 1180 1943 qui.
1216 1860 1317 1927 solius
1352 1862 1506 1928 eoelosiee
1541 1861 1721 1928 ministerio
1757 1862 1793 1925 in
1828 1860 1927 1928 terris
1962 1867 2194 1928 oonservatur:

190 1950 276 2016 mule
303 1948 365 2016 eibi
394 1948 517 2016 oonsoii
545 1958 632 2014 suut.
676 1943 823 2027 Quodsi
845 1944 976 2012 lioentie
998 1945 1164 2012 interdum
1217 1955 1378 2028 quantum
1407 1967 1485 2031 argo
1512 1966 1595 2012 onus
1622 1945 1807 2030 pastoribus
1835 1945 2008 2023 inaumbit,
2036 1945 2093 2029 qni
2124 1954 2194 2012 tam

187 2035 368 2114 exsultant,
398 2053 504 2117 nsque
526 2030 705 2115 aequabilis
726 2051 765 2098 ea
785 2040 837 2096 est
857 2052 896 2098 ao
917 2041 1083 2114 perpetua,
1105 2049 1166 2096 neo
1216 2031 1463 2098 inaestimabilis
1493 2033 1641 2099 thesauri
1668 2031 1833 2099 ausoniae
1854 2030 2036 2115 praeeunt?
2080 2029 2195 2116 Impu-

187 2121 366 2205 quidquam
403 2119 502 2186 habet
535 2116 700 2203 ponderis.
758 2117 838 2183 Ideo
874 2117 972 2183 etiam
1010 2116 1167 2201 exprimit
1218 2117 1335 2184 denter
1363 2129 1472 2184 autem
1502 2125 1670 2203 nugantur
1699 2118 1854 2200 patriotae,
1885 2118 1941 2201 qni
1969 2116 2131 2202 eolligunt
2153 2138 2194 2183 ex

187 2206 348 2273 libertatis
376 2205 529 2289 speeiem.
579 2204 620 2269 ln
649 2204 724 2285 fide,
751 2203 868 2285 inquit,
902 2223 1002 2285 quae
1035 2213 1094 2268 est
1127 2204 1167 2268 in
1218 2204 1314 2269 Pauli
1343 2203 1453 2270 verbis
1486 2225 1546 2270 sue
1578 2205 1688 2270 omnia
1720 2203 1836 2270 deliria
1870 2223 1929 2287 pro
1958 2203 2024 2271 Dei
2053 2203 2196 2272 oraoulie

186 2292 361 2360 Christo.
406 2290 482 2370 Quo
511 2289 635 2357 soilioet
661 2291 782 2354 maiore
804 2289 922 2356 fiduoia
943 2288 1077 2356 Christo
1097 2310 1166 2355 ser·
1219 2290 1369 2356 habenda
1394 2311 1479 2356 esse:
1511 2291 1588 2373 quia
1608 2291 1676 2354 sint
1697 2289 1849 2355 oolumna
1870 2289 2031 2370 veritatis,
2059 2287 2196 2373 ideoque

188 2379 292 2443 vient.
335 2376 440 2445 Siouti
466 2397 582 2443 rursus
604 2396 640 2441 os
662 2374 785 2440 hebent
807 2374 899 2456 qnasi
922 2374 1112 2441 obturatum
1133 2381 1167 2441 et
1218 2396 1330 2443 errare
1365 2389 1539 2460 nequeant.
1594 2376 1707 2443 Primo
1740 2374 1919 2445 videndum
1955 2382 2007 2444 est
2037 2395 2196 2460 quorsum

185 2463 381 2530 oonstriotes
410 2481 539 2540 manus,
568 2470 711 2544 suntque
739 2459 781 2527 ad
811 2460 895 2527 bene
923 2460 1087 2545 egendum
1115 2462 1166 2527 in·
1219 2462 1345 2532 Paulus
1380 2462 1550 2530 soulesiam
1586 2462 1744 2546 insigniat
1779 2470 1849 2528 tam
1884 2461 2054 2545 splendido
2087 2460 2195 2528 titulo.

188 2549 323 2628 habiles,
352 2548 407 2631 qui
437 2548 578 2631 turpiter
599 2547 635 2611 in
658 2566 717 2611 sue
739 2547 904 2614 funotione
926 2548 1049 2614 versati
1071 2558 1166 2614 suut:
1219 2548 1339 2614 Prooul
1367 2547 1466 2616 dubio
1495 2547 1609 2629 voluit,
1638 2547 1802 2631 proposita
1830 2546 1930 2615 oifieii
1960 2546 2194 2630 magnitudine,

188 2635 266 2717 quia
293 2634 378 2700 nihil
408 2633 475 2700 illis
504 2632 644 2699 habetur
674 2631 762 2715 fidei,
791 2631 876 2698 nihil
897 2633 1085 2701 autoritatis
1107 2634 1167 2699 tri·
1220 2633 1405 2701 admonitos
1428 2654 1499 2701 esse
1519 2642 1667 2717 pastores
1681 2638 1807 2716 quanta
1820 2633 1903 2700 illud
1918 2633 1992 2711 fide,
2013 2631 2195 2717 diligean

187 2719 306 2787 buitur.
1220 2720 1406 2787 reverentie
1443 2721 1673 2789 administrare
1713 2719 1861 2786 debeant
1923 2719 2059 2787 Etenim
2095 2737 2195 2802 qnam

1220 2805 1388 2877 horribilis
1409 2806 1518 2873 lutura
1538 2815 1591 2873 est
1612 2805 1703 2883 ultio,
1726 2806 1756 2871 si
1777 2825 1890 2872 eorum
1908 2805 2006 2890 eulpa
2020 2803 2196 2875 interoidat

279 2891 328 2958 14
350 2889 441 2960 Haeo
465 2889 523 2956 toi
543 2887 654 2969 erite
682 2908 814 2971 ιριαιι
836 2889 921 2958 breti
943 2891 987 2959 od
1005 2895 1033 2957 te
1053 2891 1166 2959 oeteo.
1219 2892 1278 2964 ille
1305 2893 1431 2960 veritas
1462 2911 1544 2976 quae
1575 2891 1686 2976 imago
1718 2901 1770 2958 est
1801 2890 1935 2960 divinae
1966 2891 2103 2976 gloriae,
2138 2890 2197 2959 lux

190 2976 243 3044 15.
270 2977 358 3060 Qteod
379 2979 411 3044 ei
431 2975 790 3058 aequoreaequore
810 2977 960 3059 quousodo
980 2981 1115 3059 operm
1133 2978 1169 3043 iu
1221 2976 1346 3056 mnndi,
1373 2977 1464 3047 selus
1491 2976 1686 3046 homiuem?
1729 2977 1822 3048 Haeo
1848 2998 1928 3045 esne
1953 2977 2109 3062 oogitstio
2131 2987 2196 3045 tre·

188 3065 280 3131 dorm
300 3062 365 3131 Drs'
390 3063 524 3141 υινιανιῗ,
551 3080 631 3142 quoe
658 3067 704 3128 est
723 3062 849 3130 edere
870 3062 936 3130 Dei
956 3064 1097 3143 ιὲιιιίίι,
1123 3083 1170 3132 ro
1220 3063 1418 3149 pidetionem
1440 3061 1606 3133 assiduam
1627 3062 1725 3131 debet
1740 3065 1888 3133 inoutere
1905 3062 2108 3147 pastoribus:
2131 3084 2196 3130 non

191 3149 301 3216 lumea
323 3155 351 3216 et
370 3148 603 3231 firtsomettium
623 3148 776 3216 veum.
821 3149 872 3215 16.
894 3147 940 3215 lot
960 3149 1030 3215 sine
1049 3154 1168 3218 eostre·
1221 3159 1258 3216 ut
1279 3170 1334 3216 eos
1355 3151 1532 3235 exanimet,
1553 3150 1612 3217 sed
1630 3149 1673 3217 ad
1690 3149 1846 3218 maiorem
1863 3149 2071 3236 vigilantiam
2090 3160 2195 3216 aoust

190 3237 296 3302 nesio
324 3254 476 3318 maguum
506 3238 551 3300 eei
574 3232 707 3314 puetis
727 3235 928 3318 mysterium:
956 3233 1047 3303 Deera
1065 3237 1169 3302 omni·
1221 3236 1305 3303 Inde
1332 3235 1486 3321 oolligere
1512 3244 1701 3321 promptum
1723 3245 1774 3301 est
1795 3256 1861 3320 quo
1882 3256 1981 3303 sensu
2004 3234 2127 3302 Paulus
2149 3236 2195 3301 ita

189 3321 324 3404 fertatur
356 3327 401 3388 est
433 3321 469 3386 its
499 3338 600 3402 torte,
634 3318 825 3401 ιἰιιιὶγίιιιιι
855 3322 893 3387 in
919 3322 1047 3406 spirite,
1079 3323 1169 3390 viset
1220 3323 1383 3406 loquatur.
1420 3320 1568 3390 Eooleeia
1589 3321 1678 3388 enim
1699 3321 1774 3390 ideo
1794 3322 1948 3391 nolumna
1969 3333 2020 3390 est
2039 3321 2196 3400 verinus,

190 3405 324 3491 angelis,
341 3406 546 3490 mordicum
566 3404 720 3488 pertidus,
739 3405 834 3487 tuen
849 3405 980 3474 mrim
994 3407 1169 3490 inmundo,
1220 3409 1298 3492 quie
1325 3428 1384 3474 suo
1405 3407 1585 3475 ministerio
1606 3426 1678 3474 eam
1700 3416 1812 3477 tuetur
1832 3430 1871 3477 eo
1891 3419 2062 3494 propaget
2105 3408 2198 3476 Deus

191 3497 329 3575 receptus
349 3496 394 3559 esi
415 3492 450 3558 iu
469 3490 584 3575 plotio.
1220 3516 1287 3563 non
1315 3493 1483 3561 deseendit
1509 3494 1581 3578 ipse
1608 3514 1628 3560 e
1655 3493 1747 3561 ooelo
1775 3495 1818 3563 ed
1838 3517 1908 3575 noe,
1935 3516 2041 3580 neque
2062 3497 2197 3582 angelos

1221 3579 1368 3666 quotidie
1396 3579 1498 3647 mittit
1525 3579 1567 3645 ad
1595 3599 1692 3647 suem
1712 3582 1883 3649 veritatem
1906 3582 2196 3668 promulgandam:

279 3664 330 3732 14.
353 3662 443 3731 Haeo
471 3660 528 3728 tte·
556 3662 665 3731 oudo.
710 3661 814 3748 Spem
835 3664 999 3735 adventus
1020 3666 1070 3733 sui
1092 3665 1170 3733 lauit
1221 3665 1281 3736 sed
1313 3666 1419 3732 utitur
1449 3674 1619 3750 pastorum
1651 3685 1761 3752 opera,
1794 3689 1877 3752 qnos
1908 3673 1943 3735 in
1964 3669 2065 3752 ,huno
2097 3671 2197 3737 ίίιιιι

191 3749 373 3829 Timotheo,
401 3748 523 3835 partim
546 3750 832 3847 resumpsimus,
855 3752 976 3835 partim
998 3760 1168 3819 uteorum
1220 3751 1400 3820 ordinarit.
1450 3751 1497 3820 Ut
1524 3752 1666 3820 orassius
1692 3754 1893 3838 exprimam:
1925 3776 2032 3823 nonne
2061 3756 2197 3824 eoolesia

190 3838 391 3920 proterviam
419 3834 615 3918 oomprimet
643 3854 699 3918 qur
728 3856 787 3903 sua
817 3838 964 3904 absentia
992 3839 1095 3921 magis
1116 3838 1168 3903 in·
1221 3848 1328 3906 meter
1360 3845 1412 3905 ast
1443 3840 1572 3924 piorum
1604 3838 1761 3920 omnium,
1794 3862 1878 3925 quae
1906 3842 1996 3926 ipsos
2024 3851 2199 3927 regenerat

190 3921 404 3991 eolesoebant.
442 3920 557 4004 Neque
579 3929 690 3986 tamen
712 3923 787 3989 fiete
801 3923 979 4007 quidquam
995 3923 1169 3990 Timotheo
1222 3924 1287 3992 Dei
1308 3925 1420 4006 verbo,
1443 3945 1526 4009 quae
1547 3923 1665 3993 eduoat
1686 3925 1809 4011 alitque
1831 3933 1902 3994 totu
1919 3929 1996 4007 vite,
2018 3948 2103 4012 quse
2124 3949 2199 3997 oon-

185 4008 365 4092 promittit‚
388 4004 442 4074 vel
464 4025 522 4088 per
544 4006 784 4077 simulationem
807 4009 888 4079 alios
910 4011 1050 4076 territet.
1090 4008 1170 4077 Om·
1222 4014 1341 4089 firmat,
1374 4030 1456 4095 qnae
1488 4010 1530 4078 ad
1560 4010 1698 4079 solidam
1730 4014 1963 4096 perientiouem
1991 4035 2096 4098 usqne
2124 4035 2198 4099 per-

190 4093 271 4161 nino
293 4094 381 4162 enim
404 4091 557 4177 sperabat
579 4112 615 4156 ss
631 4104 827 4161 venturum:
852 4103 889 4162 ut
906 4096 1034 4163 venisse
1056 4097 1169 4179 probe·
1222 4096 1333 4166 droit?
1388 4096 1516 4165 Eadem
1548 4116 1674 4179 quoqne
1706 4099 1833 4165 ratione
1864 4101 2015 4167 oolumna
2048 4100 2197 4167 veritatis

191 4177 257 4245 bile
290 4197 354 4259 est,
388 4180 417 4245 si
450 4177 534 4244 bano
567 4177 738 4259 epistolem
771 4182 901 4264 eoripeit
929 4201 995 4265 quo
1023 4192 1170 4266 tempore
1222 4182 1442 4267 pmedinatur:
1471 4183 1548 4267 quia
1573 4182 1742 4251 doetrinae
1763 4183 2041 4253 administrandas
2066 4207 2197 4265 munus,

191 4264 283 4352 Phry
310 4267 375 4333 'am
397 4264 611 4348 peragrabat:
633 4264 731 4331 siouti
752 4268 852 4334 refert
873 4266 984 4334 Luoas
1005 4270 1101 4335 Aeto.
1119 4268 1170 4349 18,
1222 4269 1310 4352 qnod
1330 4268 1425 4336 Deus
1445 4288 1547 4352 penes
1568 4288 1640 4334 eam
1663 4270 1819 4354 deposuit,
1834 4272 1979 4339 tunioum
2002 4278 2053 4338 est
2074 4275 2195 4339 instru-

191 4349 245 4429 23.
318 4372 355 4418 oo
377 4359 486 4417 autem
510 4349 606 4414 nobis
626 4363 821 4433 argumento
842 4352 886 4418 sit
908 4363 1030 4435 quanto
1052 4353 1169 4420 solliei·
1222 4365 1372 4419 mentum
1403 4353 1594 4421 retinendas
1617 4358 1774 4437 veritatis,
1803 4380 1845 4425 ne
1873 4380 1915 4424 ex
1936 4358 2109 4424 hominum
2131 4377 2196 4424 me·

192 4433 308 4503 tudine
337 4436 503 4504 oureverit
532 4434 693 4515 eooleeies,
724 4439 781 4521 qui
809 4441 974 4522 praesenti
1004 4439 1091 4505 melo
1118 4460 1169 4506 re·
1222 4440 1328 4505 moris
1355 4451 1475 4523 pereat
1523 4441 1614 4525 Ergo
1643 4442 1785 4529 elogium
1816 4444 1879 4512 hoo
1907 4443 1949 4511 ed
1978 4446 2200 4510 ministerium

191 4520 337 4590 modium
365 4524 401 4589 in
430 4524 530 4590 breve
558 4530 687 4605 tempus
718 4523 850 4590 differre
878 4546 945 4589 non
966 4526 1169 4592 sustinuerit.
1223 4526 1314 4592 verbi
1342 4526 1499 4592 refertur:
1532 4548 1596 4610 quo
1626 4530 1763 4606 sublato,
1795 4530 1945 4597 eonoidet
1971 4530 2037 4596 Dei
2066 4531 2201 4596 veritas.

192 4606 722 4779 iddllieillilliel'dl
741 4609 882 4763 2ξὲξῶἓί
904 4611 1171 4766 fttltlttd·
1222 4611 1561 4766 illnlerito?
1586 4615 1998 4781 &hiriberti
2016 4616 2202 4785 pm

194 4781 337 4868 tingeret
358 4798 483 4847 moram
506 4780 612 4848 faeere
634 4781 787 4865 opinione
809 4801 868 4849 sue
888 4780 1080 4866 longiorem.
1222 4785 1328 4870 pistae
1360 4749 1557 4851 blaterant,
1589 4784 1676 4852 Nem
1707 4785 1771 4850 iste
1803 4798 1853 4854 est
1875 4787 2084 4855 sxseorabilie
2115 4786 2202 4856 blas·

281 4869 331 4935 15.
354 4865 511 4949 Quomodo
530 4872 665 4947 monet
685 4869 721 4935 iu
741 4868 830 4937 duno
843 4867 909 4935 Dri
928 4870 1062 4937 ιινιινί.
1098 4868 1172 4936 Ηιι
1224 4871 1365 4955 phemie,
1386 4870 1547 4938 insertum
1570 4890 1642 4938 esse
1663 4871 1727 4935 Dei
1751 4873 1886 4939 verbnm
1909 4875 2012 4941 donee
2033 4873 2076 4940 ab
2097 4873 2202 4941 bomi-

195 4949 383 5048 loquutione
405 4951 612 5020 oommendet
632 4954 730 5021 oiiioii
752 4953 879 5038 pondus
902 4974 940 5023 ao
960 4954 1170 5040 dignitatem:
1223 4957 1321 5023 nibus
1348 4957 1577 5023 oertitudinem
1600 4957 1694 5038 quasi
1717 4962 1864 5040 preoario
1887 4968 2068 5028 mutuetur.
2114 4960 2203 5028 Sim·

194 5054 271 5116 quta
292 5040 359 5104 sint
381 5046 527 5121 pastores
544 5037 648 5106 veluti
668 5040 834 5109 oooonomi
855 5040 974 5124 quibus
995 5040 1171 5125 regendam
1224 5043 1353 5126 plieiter
1388 5043 1543 5126 iutelligit
1577 5040 1703 5110 Paulus
1735 5044 1821 5125 quod
1852 5044 1927 5111 eliis
1959 5047 2070 5114 verbis
2103 5045 2204 5112 tradit

195 5137 288 5217 suem
318 5122 448 5188 domum
475 5124 638 5218 nummisit
659 5123 761 5193 Deus.
807 5125 844 5195 Si
874 5126 950 5210 quis
976 5126 1103 5210 amplae
1123 5125 1172 5193 ia·
1224 5128 1350 5195 deoimo
1379 5127 1420 5194 ed
1441 5128 1608 5195 Romanos
1636 5129 1742 5210 oepite
1770 5131 1816 5214 (v.
1841 5129 1909 5216 li):
1939 5133 2094 5216 quoniam
2123 5131 2205 5200 fides

195 5201 305 5298 miliae
328 5225 440 5302 puram
462 5217 634 5290 sustineat,
659 5221 771 5281 nootea
792 5232 830 5279 ao
853 5210 922 5280 dies
944 5213 1042 5279 anxio
1062 5211 1173 5279 studio
1225 5223 1275 5280 est
1311 5234 1354 5280 ex
1389 5213 1518 5296 auditu,
1555 5209 1679 5277 nullam
1716 5215 1784 5281 tore
1820 5217 1884 5282 nisi
1917 5218 1963 5284 sit
1993 5217 2204 5301 praedieatio.

194 5288 365 5365 rnoumbtb
399 5308 440 5357 ne
472 5290 549 5372 quid
582 5312 643 5362 sue
671 5298 886 5383 negligentia,
917 5297 969 5367 vel
999 5298 1173 5382 imperitia,
1226 5297 1345 5383 Itaque
1362 5297 1532 5366 hominum
1548 5309 1698 5382 respeotu
1712 5305 1855 5370 sustinet
1869 5303 2006 5372 eoelesia
2020 5307 2208 5387 veritatem,
