4762 6016
186 360 229 428 85
1087 362 1239 430 unPuu
1260 362 1288 429 Ι.
2145 366 2188 431 86

186 556 252 623 Dei
273 556 435 634 Christus,
465 557 542 640 quia
563 555 673 622 Deum
701 555 938 642 quodammodo
969 558 1062 623 uobis
1085 558 1160 623 lauit
1212 558 1353 623 nomina.
1398 556 1451 621 Ita
1479 558 1567 622 solus
1594 559 1664 640 ipse
1693 574 1725 621 et
1755 558 1905 624 dominus
1934 574 1967 622 et
1990 572 2098 641 pater:
2128 558 2186 626 sed

186 642 357 709 visibilem.
394 642 600 725 Quamquam
623 641 700 707 inde
718 644 816 708 etiam
832 642 997 726 colligitur
1014 641 1159 728 dpouolu.
1212 651 1322 726 patres
1344 662 1474 726 quoque
1496 651 1530 706 et
1551 641 1683 722 domini,
1705 662 1785 724 quos
1808 643 2038 727 digneturhoo
2052 645 2187 713 honore.

186 727 299 812 Neque
334 727 422 794 enim
455 727 565 794 Deum
598 748 676 793 vere
708 726 861 796 Ohristns
892 740 1161 812 repraesentaret,
1212 728 1294 794 Inde
1316 730 1354 793 lit
1375 734 1414 792 ut
1435 739 1504 793 tam
1527 727 1635 812 augeli
1657 748 1754 810 quam
1776 727 1899 793 iudiues
1923 730 1967 795 dii
1997 750 2188 813 nunoupen·

187 815 252 879 nisi
279 813 418 880 verbum
446 823 531 880 esset
554 813 617 880 Dei
644 814 833 880 essentiale:
866 814 996 897 quando
1018 813 1072 879 bio
1094 834 1160 880 non
1213 824 1278 879 tur.
1322 813 1543 894 Quamobrem
1573 825 1606 878 et
1637 813 1698 879 hoe
1727 814 1799 880 loeo
1827 814 2056 898 insigniuntur
2076 816 2188 902 angeli

187 901 298 985 agitur
319 903 360 965 de
380 899 432 980 iis,
449 920 535 984 quae
555 920 614 984 per
630 901 957 966 eommunioatiouem
979 900 1014 964 in
1037 907 1161 967 oreatu·
1213 899 1396 984 magnifiois
1418 900 1549 985 elogiis:
1578 920 1660 982 quae
1682 898 1858 976 deelarsnt,
1882 920 1947 965 noo
1971 900 2049 985 quid
2072 922 2131 985 per
2152 922 2187 967 se

185 1006 240 1052 ras
267 988 367 1051 etiam
394 989 599 1068 oompetunt:
627 984 684 1050 sed
712 986 820 1070 agitur
854 986 894 1051 de
924 987 1068 1068 perlaeta
1096 986 1162 1051 Dei
1212 985 1346 1050 valeant
1367 993 1425 1049 aut
1445 1005 1592 1051 seorsum
1615 984 1731 1063 aDeo,
1753 984 1810 1050 sed
1833 986 1909 1068 quid
1933 1007 1991 1069 per
2013 986 2088 1054 illos
2109 994 2188 1073 agat

187 1072 365 1155 sapientia,
403 1072 563 1146 bonitate,
601 1071 727 1137 iustitia
763 1080 796 1136 et
832 1072 996 1155 potentia:
1044 1071 1161 1155 quibus
1213 1070 1316 1151 Deus,
1349 1080 1382 1136 et
1414 1090 1493 1155 quas
1526 1071 1591 1136 illie
1622 1071 1805 1137 lunationes
1830 1069 2041 1156 delegaverit.
2093 1073 2188 1154 Quae

187 1156 473 1240 repraesentandis
516 1155 609 1222 nulla
654 1165 804 1223 ereatura
849 1158 1024 1223 suffioeret.
1087 1157 1162 1222 Erit
1213 1158 1260 1221 ita
1289 1157 1433 1239 auoipere
1456 1157 1616 1233 eonvenit,
1647 1165 1685 1219 ut
1706 1155 1790 1221 nihil
1813 1157 1854 1222 de
1876 1159 1975 1224 unius
1997 1157 2062 1225 Dei
2084 1159 2189 1243 gloria

187 1243 289 1328 igitur
315 1243 410 1308 nobis
438 1243 474 1307 in
505 1241 567 1310 hoo
581 1280 583 1286 =
599 1242 756 1309 vooabulo
791 1243 935 1309 validum
969 1243 1070 1309 telum
1104 1243 1161 1307 ad·
1213 1241 1415 1307 detrahetur.
1459 1242 1574 1326 Neque
1603 1243 1689 1307 enim
1719 1244 1766 1307 ita
1795 1262 1888 1307 suam
1918 1246 2072 1310 virtutem
2102 1265 2189 1312 eom·

187 1347 303 1394 versus
325 1330 476 1394 Anonos:
508 1328 565 1393 sed
594 1338 703 1395 tamen
727 1327 768 1394 ab
789 1329 846 1395 illa
871 1329 1039 1409 relatione,
1061 1348 1161 1412 quam
1213 1328 1358 1393 munieat
1378 1329 1513 1411 augelis,
1536 1338 1573 1394 ut
1594 1349 1630 1392 se
1650 1328 1842 1392 imminuat:
1866 1349 1930 1393 nou
1953 1332 1999 1394 ita
2022 1352 2080 1415 per
2100 1332 2189 1414 ipsos

188 1412 266 1492 dixi,
287 1413 522 1497 iuoipiendum,
545 1435 609 1480 non
633 1413 851 1482 insistendum
870 1416 905 1479 in
923 1415 992 1480 sola
1009 1415 1161 1479 essentia.
1213 1423 1375 1498 operatur,
1399 1426 1435 1478 ut
1457 1418 1637 1496 potentiam
1660 1413 1726 1478 illis
1748 1434 1840 1479 suam
1864 1416 2024 1500 resignet:
2052 1437 2118 1482 nou
2141 1417 2189 1482 ite

187 1497 328 1567 Summa
343 1507 402 1577 est,
425 1500 534 1565 Deum
552 1501 587 1564 in
609 1520 654 1579 se,
677 1500 739 1567 boo
761 1513 820 1578 est,
842 1501 877 1565 in
901 1501 989 1565 nuda
1011 1520 1073 1566 sua
1095 1520 1163 1565 ma·
1212 1501 1247 1564 in
1276 1499 1340 1565 illis
1369 1499 1508 1583 gloriam
1532 1519 1624 1565 suam
1647 1499 1721 1564 vult
1743 1501 1898 1580 reluoere,
1921 1514 1959 1565 ut
1979 1502 2015 1566 in
2037 1503 2109 1585 ipso
2131 1503 2188 1568 ob·

188 1586 320 1663 iestate,
365 1605 437 1651 esse
472 1585 690 1651 invisibilem:
735 1607 795 1653 nee
832 1595 961 1650 tantum
998 1587 1162 1669 eorporeis
1214 1595 1373 1652 souretur.
1429 1584 1587 1651 Consulto
1618 1594 1729 1650 eutem
1761 1586 1889 1652 Paulus
1926 1588 1972 1650 ita
2007 1588 2189 1654 honorilioe

188 1670 301 1752 oeulis,
323 1670 379 1736 sed
402 1670 556 1737 humanis
577 1672 677 1737 etiam
691 1672 874 1738 mentibus:
895 1671 1038 1737 revelari
1052 1681 1161 1737 autem
1214 1670 1344 1736 extollit
1373 1671 1564 1755 angelorum
1594 1670 1806 1755 dignitatem,
1837 1694 1878 1737 ne
1905 1677 1980 1755 quis
2008 1683 2105 1756 putet
2133 1673 2189 1738 ob·

187 1757 282 1823 uobis
312 1757 346 1822 in
369 1757 439 1822 solo
462 1756 606 1837 Obristo,
635 1768 674 1822 ut
695 1778 771 1824 eum
794 1769 950 1841 tanquam
974 1759 1009 1822 iu
1031 1757 1163 1840 speuulo
1214 1767 1303 1823 stare
1332 1759 1507 1839 quominus
1535 1756 1625 1823 solus
1652 1756 1805 1822 Christus
1834 1777 1933 1840 supra
1959 1779 2014 1825 eos
2037 1759 2190 1841 emineat,

187 1842 455 1924 oontemplemur.
509 1842 594 1907 Nam
628 1842 662 1907 iu
695 1841 831 1909 Ohristo
867 1864 959 1910 suam
992 1844 1161 1920 iustitiam,
1214 1843 1328 1926 ltaque
1351 1844 1442 1927 quasi
1473 1863 1532 1925 per
1552 1842 1686 1908 modum
1708 1844 1926 1910 eonoessionis
1948 1856 2086 1929 usurpat
2109 1845 2190 1912 haee

188 1928 375 2009 bonitatem,
403 1929 609 2013 sapientiam,
638 1928 806 2009 virtutem,
835 1950 871 1995 se
893 1929 1034 2012 denique
1056 1937 1161 1993 totum
1215 1931 1362 1994 nomina:
1384 1929 1473 1995 ausi
1495 1928 1626 2012 dioeret‚
1648 1926 1729 1993 nihil
1752 1929 1908 2014 derogare
1930 1930 2063 1998 Olaristo
2085 1941 2187 1998 totam

187 2013 282 2080 nobis
302 2014 445 2081 exhibet.
490 2013 682 2081 Cavendum
704 2035 782 2099 ergo
805 2036 846 2080 ne
868 2016 943 2081 alibi
966 2036 1041 2080 eum
1064 2035 1162 2097 quae·
1214 2036 1324 2081 eorum
1361 2013 1605 2096 exoellentiam,
1652 2014 1831 2097 quamlibet
1866 2015 2045 2098 splendidis
2081 2018 2186 2084 titulis

187 2120 319 2167 murus:
341 2121 418 2166 nam
434 2111 528 2166 extra
543 2098 713 2165 Christum
727 2100 883 2184 quidquid
898 2122 933 2167 se
948 2100 1014 2165 Dei
1032 2101 1163 2166 nomine
1214 2110 1383 2166 ornentur.
1421 2100 1489 2181 Qui
1511 2100 1662 2166 subtilius
1679 2099 1952 2183 philosophantur
1969 2103 2004 2167 in
2020 2102 2072 2169 his
2088 2124 2185 2170 voua-

188 2185 381 2267 venditabit,
401 2184 528 2251 idolum
549 2186 621 2251 erit.
1215 2187 1308 2263 bulis,
1331 2195 1369 2251 ιιι
1396 2186 1528 2251 ordines
1551 2185 1742 2270 angelorum
1764 2185 1842 2250 inde
1863 2185 2004 2267 elioiant,
2035 2191 2188 2255 fruantur

274 2271 508 2358 Primopeailtte
534 2272 701 2338 uniuersae
727 2278 897 2338 meatum.
941 2272 1041 2336 Ratio
1064 2271 1163 2337 huius
1214 2274 1282 2339 suis
1311 2271 1446 2350 delioiie,
1475 2272 1532 2339 sed
1554 2292 1575 2336 a
1595 2272 1694 2337 Pauli
1723 2276 1834 2338 mente
1862 2281 1951 2339 oerte
1978 2274 2090 2356 proeul
2120 2274 2185 2341 dis·

188 2358 417 2443 appellationis
450 2379 528 2423 mox
559 2358 724 2440 sequitur:
767 2361 964 2441 qnoniam
997 2359 1038 2422 in
1071 2358 1163 2439 ipso
1214 2360 1344 2426 aedunt.

188 2450 334 2512 ereata
355 2455 454 2510 sunt
476 2443 619 2510 omnia
662 2443 946 2524 Quemadmodum
969 2444 1066 2508 tertio
1090 2450 1163 2526 post
1302 2445 1352 2508 17.
1387 2441 1503 2509 Onmiu
1525 2463 1587 2525 per
1615 2443 1722 2525 ιριιιιι
1748 2447 1777 2507 el
1797 2443 1833 2509 iu
1854 2444 1960 2527 ipsam
1981 2451 2085 2511 ereum
2106 2452 2187 2512 ιιιιιι.

188 2550 287 2597 versu
320 2530 557 2615 primogenitus
589 2551 630 2594 ex
662 2531 800 2595 mortuis
833 2531 961 2606 dieitur,
994 2530 1071 2611 quia
1105 2550 1162 2611 per
1215 2530 1367 2611 Quatuor
1396 2529 1577 2594 rationibus
1610 2530 1745 2612 angelos
1778 2527 1913 2594 Ohristo
1944 2532 2084 2598 subiiuit.
2136 2533 2188 2598 Ne

188 2617 297 2701 ipeum
325 2617 527 2700 resurgimus
555 2635 680 2681 omnes.
725 2616 814 2700 Ergo
843 2638 908 2681 non
936 2615 1010 2680 ideo
1031 2624 1163 2679 tantum
1216 2618 1287 2682 eius
1308 2616 1446 2700 gloriam
1470 2617 1656 2697 obseurent,
1678 2615 1754 2697 quia
1775 2635 1834 2698 per
1855 2618 1963 2698 ipsum
1981 2630 2059 2682 sunt
2076 2621 2187 2686 oresti.

189 2702 445 2786 primogenitus,
489 2701 573 2785 quod
614 2711 759 2785 tempore
799 2700 1012 2785 praeoeeeerit
1050 2720 1163 2765 omnes
1216 2701 1385 2783 Seoundo,
1420 2701 1497 2782 quia
1529 2699 1569 2764 ad
1602 2700 1709 2782 ipsum
1742 2710 1900 2783 tanquam
1931 2703 1973 2767 ed
2005 2704 2187 2788 legitimum

190 2797 373 2855 ereaturas:
402 2809 458 2854 seo
480 2789 555 2872 quie
581 2789 616 2852 in
640 2786 703 2853 hoo
724 2806 743 2851 a
765 2787 865 2853 Patre
887 2789 931 2852 eit
952 2787 1093 2871 genitus,
1125 2794 1164 2850 ιιι
1215 2789 1315 2853 linem
1345 2786 1459 2851 referri
1489 2784 1585 2850 debet
1614 2806 1727 2851 eorum
1760 2789 1889 2852 ereatio.
1942 2789 2060 2865 Tertio,
2102 2791 2189 2874 quod

230 2875 377 2957 ripsum
395 2873 627 2940 oonderentur:
651 2876 756 2954 sitque
771 2872 873 2938 veluti
897 2872 1084 2958 hypostasis
1106 2876 1165 2937 aut
1215 2877 1286 2957 ipse
1314 2893 1443 2955 semper
1474 2871 1575 2937 fuerit
1604 2882 1780 2954 antequam
1804 2882 2002 2939 orearentur.
2053 2876 2188 2957 Quarto,

189 2894 440 3026 ldndsmentum
471 2960 628 3025 omnium.
683 2959 795 3025 Stulte
821 2970 929 3023 autem
952 2960 1079 3036 Ariani,
1108 2959 1163 3041 qui
1216 2960 1302 3042 quod
1325 2979 1380 3023 eos
1403 2959 1563 3023 sustineat
1592 2977 1651 3023 sua
1678 2960 1808 3041 virtute,
1833 2968 1868 3024 et
1889 2960 1923 3022 in
1946 2969 2035 3025 statu
2058 2983 2188 3027 eonser·

189 3043 268 3110 inde
289 3044 578 3128 ratiooinabantur,
600 3065 671 3112 ease
691 3047 795 3128 igitur
816 3055 1008 3112 ereaturam.
1053 3042 1164 3128 Neque
1216 3057 1281 3110 vet.
1326 3043 1533 3126 Quamquam
1557 3064 1622 3108 non
1645 3042 1685 3108 de
1707 3043 1783 3109 solis
1809 3044 1934 3128 angelis
1952 3044 2014 3110 hoo
2036 3048 2188 3128 affirmat,

190 3132 277 3197 euim
300 3130 377 3214 quid
399 3133 434 3197 iu
456 3154 492 3199 se
513 3132 584 3215 ipso
606 3132 659 3212 sit,
680 3130 733 3197 hie
755 3140 933 3198 tractatur:
954 3131 1012 3198 sed
1034 3130 1111 3214 quid
1128 3131 1163 3195 iu
1216 3131 1273 3197 sed
1304 3131 1344 3195 de
1370 3134 1438 3194 toto
1460 3149 1588 3212 quoque
1609 3128 1743 3194 mundo.
1787 3129 1838 3194 lta
1859 3130 1964 3195 filium
1988 3130 2051 3196 Dei
2073 3134 2105 3197 in
2129 3134 2190 3199 eel-

190 3216 263 3284 aliis
284 3217 413 3284 effioiat.
1216 3218 1347 3282 sissima
1377 3215 1511 3281 honoris
1544 3215 1620 3280 sede
1653 3214 1798 3294 oollooat,
1833 3226 1873 3279 ut
1904 3216 2088 3300 praesideat
2122 3229 2189 3284 tam

277 3303 329 3369 16.
370 3303 519 3371 Vieibila'u
550 3309 578 3370 et
609 3303 797 3370 iaoimbileu.
853 3302 1012 3387 Superior
1047 3301 1164 3366 divisio
1216 3303 1342 3388 angelis
1378 3321 1474 3383 quam
1513 3300 1702 3367 bominibus
1762 3314 1922 3386 eogatque
1965 3305 1997 3367 in
2042 3304 2189 3370 ordinem

189 3388 379 3457 molestiam
414 3399 449 3455 et
470 3391 673 3457 terrestrium
702 3399 876 3472 utramque
903 3390 1045 3472 speeiem
1075 3407 1163 3454 oom-
1216 3409 1329 3454 omnes
1350 3397 1518 3452 ereaturas
1538 3388 1572 3452 in
1595 3386 1685 3452 eoelo
1706 3392 1741 3452 et
1762 3388 1795 3452 in
1818 3396 1916 3454 terre.
1950 3412 1954 3443 ι

191 3473 423 3560 prehendebat
476 3474 543 3542 Sed
572 3476 651 3560 quia
678 3475 718 3541 de
744 3477 872 3560 angelis
905 3476 1076 3558 praeeipue
1104 3474 1166 3539 boo

191 3580 337 3628 narare
359 3561 490 3629 volebat
506 3561 639 3640 Paulus,
661 3582 751 3627 nune
769 3562 984 3627 invisibilium
1003 3560 1163 3626 meminit.
1302 3559 1352 3624 18.
1376 3558 1420 3624 u:
1440 3559 1507 3640 ipae
1527 3564 1573 3624 eal
1587 3563 1682 3643 eaput
1696 3559 1835 3641 eorporis
1851 3559 2002 3641 molemus,
2018 3561 2086 3644 ipae
2101 3563 2192 3646 pria·

191 3646 266 3713 lion
310 3648 412 3729 igitur
451 3645 559 3712 solum
598 3667 686 3730 quae
721 3648 823 3714 oeulis
860 3656 974 3730 patent
1009 3646 1165 3712 ooelestes
1216 3647 1345 3728 eipiam,
1370 3646 1602 3728 priempeailua
1632 3665 1672 3710 eu
1700 3645 1846 3711 monuit:
1873 3650 1910 3710 at
1929 3647 1972 3711 eil
1993 3647 2027 3711 ia
2049 3648 2192 3714 οιιιίιιιι

188 3741 370 3807 ereaturae.
392 3731 449 3799 sed
470 3732 570 3798 etiam
591 3732 779 3816 spirituales
802 3754 859 3816 per
880 3733 985 3798 filium
1002 3732 1068 3799 Dei
1088 3752 1166 3798 eon-
1216 3734 1286 3814 ipse
1314 3735 1442 3815 primas
1476 3736 1598 3797 uaeas:
1637 3731 1689 3797 19.
1723 3731 1872 3813 quonium
1907 3733 1944 3798 ia
1975 3733 2044 3814 ipso
2070 3734 2194 3814 plausu

191 3819 282 3885 ditae
301 3826 388 3885 sunt.
432 3817 531 3900 Quod
562 3819 672 3884 statim
701 3818 858 3901 sequitur,
887 3820 975 3885 sive
1004 3817 1165 3896 throni,
1217 3838 1336 3883 amaea
1361 3817 1591 3899 plenitudinem
1622 3816 1807 3896 inhabitare,
1857 3818 1909 3885 20.
1940 3824 1969 3884 et
1994 3839 2055 3900 per
2087 3820 2193 3901 ipsam

192 3914 254 3974 atu
277 3903 414 3989 perinde
441 3902 531 3970 valet
552 3923 591 3968 ao
610 3903 639 3968 si
661 3903 791 3978 dioeret‚
819 3922 1012 3986 quoeunque
1033 3906 1166 3969 nomine
1216 3903 1417 3969 reconciliare
1448 3903 1556 3967 onmia
1585 3901 1663 3980 eibi,
1689 3903 1887 3986 pacificando
1913 3924 1976 3987 per
2008 3907 2194 3989 sanguinem

192 4000 398 4060 eeuseautur.
447 3989 516 4056 Per
542 3989 693 4069 thronos,
721 3989 853 4072 quidam
882 3989 1015 4074 angelos
1043 3989 1165 4054 intelli·
1217 3990 1319 4054 eutis
1338 3990 1419 4070 aaa,
1442 4009 1503 4070 per
1523 3989 1639 4071 ipatus,
1667 3993 1733 4054 lom
1753 4007 1834 4073 quae
1854 3996 1929 4058 aaut
1948 4009 2046 4073 super
2065 3996 2193 4072 terrum,

239 4087 288 4142 nt.
331 4075 398 4143 Sed
428 4097 489 4160 ego
515 4075 624 4159 potius
645 4074 785 4140 eoeleste
807 4074 966 4158 palatium
989 4075 1166 4141 maiestatis
1217 4095 1312 4156 quum
1333 4094 1415 4156 quoe
1434 4079 1509 4141 auat
1527 4075 1564 4140 iu
1584 4074 1686 4141 eoels‘s.

193 4098 258 4231 ffel
279 4163 457 4247 signifioari
479 4174 575 4245 puto:
597 4158 682 4244 quod
705 4180 771 4225 non
794 4172 843 4225 est
858 4161 924 4224 tale
938 4159 1165 4226 somniandum

193 4248 292 4335 quale
323 4257 429 4331 potest
457 4270 550 4314 mens
579 4256 692 4312 nostra
721 4267 855 4330 oepere,
883 4247 940 4312 sed
971 4246 1066 4329 quale
1097 4245 1167 4310 Deo
1307 4248 1356 4313 18.
1389 4245 1490 4329 cepte
1517 4247 1664 4329 eorporis.
1715 4247 1894 4332 Postquam
1929 4247 2125 4332 generaliter
2153 4248 2194 4312 de

191 4334 256 4420 ipsi
289 4335 453 4400 eonvenit.
507 4333 621 4401 Solem
653 4342 689 4398 et
719 4331 851 4412 lunam,
885 4341 1054 4415 totumque
1086 4332 1168 4397 ooeli
1220 4331 1344 4397 Ohristi
1375 4332 1570 4397 exuellentia
1599 4332 1761 4413 disseruit,
1789 4335 1894 4419 deque
1916 4354 2044 4399 summo
2066 4335 2137 4398 eius
2158 4335 2193 4399 in

190 4429 345 4488 ornatum
368 4420 601 4505 oonspieimus:
623 4418 681 4485 sed
702 4418 808 4504 gloria
829 4419 922 4503 regni
943 4417 1007 4482 Dei
1029 4440 1049 4482 a
1070 4438 1168 4483 sensu
1220 4439 1334 4484 omues
1367 4427 1532 4484 ereaturas
1560 4419 1759 4502 priuoipatu:
1793 4420 1915 4489 iterum
1957 4418 2044 4484 redit
2080 4419 2121 4485 ad
2155 4441 2195 4486 ea

192 4516 306 4574 ιιοιιιο
328 4517 377 4572 est
399 4506 605 4572 abseondita:
628 4506 705 4588 quia
725 4504 905 4590 spiritualis
925 4514 985 4588 eet,
1014 4512 1048 4568 et
1069 4503 1168 4570 eoelis
1220 4523 1304 4586 quae
1326 4502 1534 4587 peouliariter
1555 4502 1596 4568 ad
1618 4505 1788 4571 eoelesiam
1807 4512 1967 4589 spectant.
2002 4505 2042 4571 In
2062 4506 2194 4571 nomine

189 4593 356 4678 superior.
401 4593 550 4676 Denique
572 4612 631 4675 per
653 4591 788 4657 thronos
810 4589 1035 4674 intelligamus
1057 4589 1169 4655 sedem
1220 4590 1337 4672 ospitis
1368 4588 1424 4654 alii
1454 4589 1549 4672 plura
1574 4591 1794 4658 uunsiderant.
1840 4591 1886 4657 a:
1918 4598 2006 4656 uerte
2027 4591 2194 4675 aliquanto

192 4677 285 4745 illam
308 4677 422 4744 beatae
439 4676 705 4758 immortalitau's,
726 4697 810 4760 quae
827 4676 868 4741 ab
887 4676 976 4740 omni
992 4676 1169 4741 mutatione
1220 4684 1302 4759 post,
1335 4676 1448 4740 eadem
1482 4677 1693 4742 translatione
1727 4687 1838 4741 utetur
1869 4677 1903 4739 in
1933 4677 2022 4742 hune
2050 4697 2194 4755 sensum,

192 4772 244 4831 est
274 4773 436 4848 exempta.
492 4763 641 4847 Reliquis
678 4762 867 4829 nominibus
896 4761 1030 4846 angelos
1058 4759 1169 4844 proeul
1221 4760 1305 4845 quod
1328 4761 1423 4826 siouti
1445 4770 1543 4843 eaput
1563 4763 1597 4827 in
1618 4782 1753 4845 eorpore
1775 4761 1921 4827 humano
1945 4764 2013 4828 viee
2035 4771 2086 4827 est
2108 4761 2194 4826 radi·

191 4848 294 4916 ¹dubio
322 4849 482 4935 designat.
537 4850 606 4914 Eos
634 4859 727 4916 vooat
751 4857 937 4932 potestates,
959 4849 1170 4930 principatus,
1220 4849 1278 4930 eis,
1307 4847 1395 4912 unde
1422 4846 1531 4912 vitalia
1558 4848 1695 4914 laeultas
1716 4850 1752 4912 in
1774 4849 1884 4913 omnia
1904 4847 2052 4914 membra
2073 4847 2194 4913 diffun-

188 4935 450 5003 deminationes:
468 4956 548 5001 ‚uon
578 4937 655 5019 quia
683 4937 852 5035 proprium
881 4933 1009 5018 aliquod
1032 4952 1170 5017 regnum
1222 4932 1328 4998 ditur:
1361 4933 1408 4997 ita
1439 4931 1593 4999 eoelesiae
1626 4935 1728 4998 vitam
1763 4952 1783 4999 a
1816 4931 1950 5000 Christo
1982 4935 2097 5012 fluere,
2134 4942 2195 5000 ete.

195 5031 381 5101 exereeaut,
415 5030 473 5086 aut
506 5020 639 5105 propria
667 5029 791 5087 virtute
822 5021 891 5088 sint
923 5019 1079 5102 praediti:
1113 5016 1171 5084 sed
1221 5018 1289 5085 Hie
1310 5038 1390 5084 vero
1411 5019 1627 5100 potissimum,
1654 5039 1726 5083 meo
1743 5019 1869 5098 iudioio,
1898 5019 1939 5085 de
1961 5020 2197 5104 gubernatione

219 5108 273 5174 uia
294 5108 436 5174 ministri
457 5115 536 5172 sunt
552 5106 684 5171 divinae
698 5107 864 5190 potentiae
882 5115 916 5170 et
930 5104 1171 5171 dominationis.
1222 5104 1377 5187 loquitur.
1428 5105 1533 5170 Dooet
1561 5105 1664 5189 igitur
1697 5106 1867 5172 Christum
1901 5127 1973 5171 esse
2002 5105 2109 5173 solum
2140 5105 2197 5189 qui

195 5210 198 5215 ·
226 5201 259 5259 ιι
279 5202 390 5260 autem
412 5193 579 5269 usitatum,
609 5198 705 5275 prout
727 5193 797 5257 vim
819 5212 913 5258 suam
935 5192 1059 5258 exserit
1080 5189 1173 5256 Deus
1224 5202 1416 5272 potestatem
1463 5191 1580 5255 habeat
1617 5192 1779 5274 regendae
1810 5192 1980 5269 ecelesiae,
2028 5191 2069 5257 ad
2102 5211 2197 5276 quem

195 5282 231 5345 in
253 5281 421 5359 oreaturis,
450 5286 586 5345 eatenus
608 5277 708 5342 etiam
736 5275 779 5342 ad
806 5278 879 5360 ipsa
906 5277 1077 5344 transferri
1103 5276 1172 5342 eius
1225 5296 1326 5340 unum
1349 5276 1509 5359 respieere
1531 5276 1668 5343 debeant
1689 5279 1852 5356 fideles,.a
1873 5298 1937 5361 quo
1960 5278 2102 5359 pendeat
2125 5297 2198 5343 eor·

1924 5397 1957 5452 6.
