4740 6016
178 340 245 411 319
812 339 955 407 EPIST.
977 339 1122 407 PAULI
1144 338 1209 406 AD
1232 337 1556 408 utmoufleuml
2126 341 2193 410 320

179 539 291 606 noetio
313 537 356 602 ed
377 535 548 601 iudicium:
576 535 611 598 in
632 533 821 615 quibusdem
842 553 913 599 vero
934 534 1030 599 etium
1051 533 1156 599 arbee·
1210 532 1407 600 sideramus:
1429 553 1547 617 nempe
1564 533 1650 617 quod
1669 554 1723 600 res
1741 533 1851 599 variae
1867 532 2034 601 interdum
2052 534 2191 606 miseere

179 628 329 708 meatur.
374 620 426 688 to.
451 619 605 686 Similiter
631 620 760 686 etberto
780 638 876 702 opero
897 625 969 686 oete
988 619 1159 703 manifesto
1210 618 1302 686 solet.
1339 619 1444 685 Porro
1466 639 1596 685 summa
1610 627 1670 700 eet,
1691 630 1729 685 ut
1743 620 1936 687 Timotheus
1950 619 2190 705 aliquantulum

178 715 261 793 eant,
283 713 312 773 et
331 727 410 790 quoe
430 726 519 773 eeeue
539 704 658 784 bobert,
680 705 776 771 tatere
795 710 955 787 sequeret.
1210 705 1279 770 vini
1298 703 1409 771 bibere
1423 717 1597 790 assneeeat,
1620 705 1819 773 valetudinis
1833 707 2069 776 sustentandae
2083 728 2191 780 eausa„

1210 790 1286 856 Non
1315 791 1404 856 enim
1432 790 1584 874 prohibet
1609 792 1773 857 intutum
1794 811 1838 858 ne
1859 791 1951 858 bibat
1972 813 2103 876 aquam,
2133 796 2190 863 sed

265 879 319 947 22.
348 877 471 944 Merrae
491 877 551 944 eilo
580 896 619 942 rte
638 877 690 944 eui
712 876 867 960 irepoaee.
917 876 993 942 Non
1023 875 1157 942 dubium
1210 897 1253 943 ne
1264 885 1377 941 utatur
1389 876 1450 943 hoa
1459 876 1624 943 ordinario
1642 889 1730 961 potu.
1753 877 1839 943 Nam
1851 878 1991 944 verbnm
2002 876 2190 964 ὑδροποτεῖν

181 976 231 1032 eet
253 966 332 1049 quin
354 962 518 1047 depellere
539 984 559 1028 a
581 962 753 1028 Timotheo
775 961 930 1028 invidiam
949 961 1101 1038 voluerit,
1125 969 1158 1026 et
1210 961 1272 1029 hoe
1300 962 1472 1046 signifieat
1518 963 1585 1029 Sed
1607 984 1665 1029 eur
1686 985 1753 1030 non
1774 963 1967 1046 simplieiter
1988 968 2134 1033 oonsulit
2155 979 2192 1036 ut

180 1051 311 1118 obviem
333 1051 382 1116 ire
403 1049 516 1116 maltis
538 1047 761 1132 querimoniis,
784 1068 868 1130 quae
887 1046 1026 1115 subinde
1048 1047 1159 1113 orinn·
1211 1047 1299 1114 bibat
1313 1048 1454 1114 vinnm?
1489 1046 1632 1115 Videtur
1648 1050 1746 1129 euim,
1768 1069 1868 1134 quum
1886 1049 2070 1132 pauxillum
2089 1053 2191 1138 addit,

179 1144 234 1203 tur
270 1136 428 1204 adversus
463 1136 534 1219 pios
567 1133 691 1206 Ohristi
725 1154 853 1211 servos,
890 1135 947 1216 qni
979 1133 1159 1199 ambitiosis
1213 1133 1296 1199 velle
1333 1134 1463 1199 obviam
1500 1134 1547 1199 ire
1584 1134 1869 1220 intemperantiae:
1906 1136 1996 1219 qnod
2029 1157 2097 1203 uon
2130 1141 2191 1206 luit

179 1222 374 1306 quorumvis
409 1221 560 1305 praeibas
595 1218 730 1303 obsequi
766 1230 927 1286 recusent.
982 1219 1068 1285 Nam
1101 1219 1159 1285 alii
1211 1218 1392 1286 verendum
1428 1218 1464 1284 iu
1501 1219 1682 1286 Timotheo.
1740 1221 1948 1305 Respondeo,
1984 1221 2047 1291 hoa
2082 1225 2191 1308 potina

180 1308 380 1376 morositatis
412 1327 467 1374 eoa
497 1305 700 1389 insimulent,
734 1303 792 1371 alii
819 1304 976 1387 invidiae,
1010 1303 1159 1371 nonnulli
1211 1304 1312 1371 luisse
1340 1325 1533 1389 expressum
1556 1314 1594 1371 ut
1615 1314 1800 1374 ooourreret
1820 1308 2045 1391 improborum
2067 1311 2191 1378 edun·

181 1396 280 1461 etiam
309 1391 458 1460 crudeles
479 1414 550 1458 esee
571 1393 753 1472 elamitant,
781 1391 947 1474 quianon
968 1391 1080 1456 statim
1102 1389 1158 1455 ad·
1211 1390 1284 1468 niis,
1307 1390 1423 1475 quibua
1444 1400 1634 1474 promptum
1657 1392 1777 1477 alioqui
1799 1393 1914 1460 luisset
1931 1394 2002 1462 eiua
2015 1396 2192 1464 eonsilium

180 1483 316 1547 mittant
347 1478 403 1562 qui
436 1499 473 1544 ee
500 1477 676 1545 venditant
704 1476 925 1561 qnalionnque
952 1473 1158 1542 sommenda·
1211 1477 1429 1558 subsannare,
1461 1475 1524 1543 hoa
1551 1475 1675 1545 seilieet
1696 1479 1819 1556 oolore,
1851 1488 1910 1546 ant
1932 1478 2035 1560 simili,
2070 1481 2191 1563 Qualia

180 1568 284 1633 done:
318 1564 406 1648 quod
438 1563 538 1637 hodie
570 1563 645 1648 plus
677 1563 758 1630 satia
786 1561 983 1645 experimur.
1036 1560 1159 1628 Paulas
1211 1562 1336 1629 iethaee
1365 1574 1415 1628 est
1443 1561 1659 1647 philosophia,
1686 1584 1770 1648 qnae
1800 1564 1842 1631 ad
1872 1565 2190 1648 misiliminum

180 1671 260 1738 ergo
281 1650 491 1717 Timotheum
522 1648 673 1716 hortatur
702 1669 744 1716 ne
771 1648 978 1734 agravitate
1006 1646 1157 1727 dissedit,
1210 1645 1349 1714 ineitati
1379 1646 1502 1715 haeene
1534 1649 1590 1714 via
1618 1660 1667 1715 est
1699 1669 1765 1734 qua
1794 1651 1829 1716 in
1852 1649 1980 1718 eoelum
2000 1653 2188 1720 oonaoendi·

179 1757 241 1805 neo
262 1758 299 1804 se
321 1736 465 1821 patiatur
486 1735 575 1803 rinei
597 1734 814 1819 praeposteris
835 1732 970 1800 studiis:
1002 1753 1069 1799 non
1089 1741 1158 1798 tam
1211 1732 1289 1800 tur?
1348 1732 1395 1799 Ut
1435 1733 1594 1801 eiusmodi
1630 1756 1752 1803 sannae
1787 1736 1979 1820 praeveniat
2014 1739 2186 1821 apostolae,

181 1823 268 1908 quod
284 1843 367 1906 opus
384 1820 521 1888 haberet
538 1819 730 1887 Timotheus
748 1818 908 1886 eiusmodi
925 1818 1157 1895 admonitione,
1211 1828 1350 1885 testatur
1372 1839 1409 1885 se
1430 1820 1616 1887 nenessitati
1630 1819 1793 1889 duntaxat
1806 1823 1991 1890 oonsulere:
2015 1835 2050 1890 et
2063 1825 2185 1892 medio-

181 1929 280 1992 quam
313 1918 350 1973 ut
382 1928 442 1974 sua
473 1908 650 1973 autoritate
681 1914 866 1989 eompesoat
897 1907 956 1987 qui
986 1905 1067 1972 aliae
1095 1903 1158 1987 ipsi
1210 1905 1361 1970 oritatem
1390 1905 1486 1972 simul
1515 1907 1731 1975 sommendat.
1774 1912 1922 1992 Apparet
1943 1918 2056 1975 antam
2077 1910 2188 1979 Timo·

181 1993 353 2060 Timotheo
375 1992 506 2060 molesti
527 2011 599 2059 esse
620 2000 782 2077 poterant.
819 1990 970 2058 Primam
993 1988 1158 2075 impositio
1210 1990 1326 2056 theam
1357 2010 1424 2057 non
1453 1990 1613 2076 frugalem
1642 1999 1773 2060 tantum
1802 1995 1837 2060 in
1871 1995 1977 2072 vieta,
2006 1995 2066 2061 sed
2096 1997 2193 2064 etiam

182 2100 339 2147 mannum
364 2077 602 2145 ordinationem
632 2078 813 2177 signifieat:
844 2077 906 2142 hoo
938 2084 997 2152 eat,
1026 2077 1157 2161 signum
1211 2085 1380 2142 austerum
1407 2077 1524 2144 luisse:
1554 2086 1594 2144 ut
1615 2079 1672 2162 qni
1693 2100 1737 2145 ne
1756 2078 1941 2147 valetudini
1963 2081 2092 2164 quidem
2116 2103 2194 2151 suae

180 2185 242 2249 pre
261 2166 384 2250 reipsa
404 2164 543 2248 eapitur.
577 2164 737 2230 Prohibet
758 2162 848 2228 enim
870 2183 912 2228 ne
929 2183 1026 2245 quem
1048 2162 1160 2227 minus
1212 2174 1371 2245 paroeret.
1421 2166 1472 2229 Ae
1504 2175 1630 2230 eertum
1659 2176 1719 2245 est,
1749 2185 1856 2248 neque
1884 2166 2062 2233 ambitione
2090 2168 2126 2235 id
2154 2167 2194 2236 ab

180 2250 290 2318 adhue
323 2250 497 2335 probatum
530 2250 632 2315 nimia
661 2247 817 2316 laeilitate
848 2247 1010 2314 admittat.
1074 2245 1162 2314 Sunt
1213 2267 1263 2330 eo,
1286 2269 1393 2332 neque
1414 2250 1645 2332 superstitione
1666 2249 1768 2317 luisse
1785 2251 1916 2319 fautum.
1952 2251 2053 2320 Unde
2070 2253 2194 2339 eolligi·

182 2337 270 2404 enim
299 2337 357 2421 qni
386 2335 544 2403 novitatis
574 2334 683 2401 studio
712 2335 897 2418 promoveri
925 2343 1084 2418 ouperent
1106 2331 1160 2398 vel
1212 2353 1298 2411 mus,
1327 2354 1394 2400 non
1422 2334 1519 2402 modo
1548 2356 1569 2400 a
1596 2335 1677 2403 luxu
1704 2348 1738 2402 et
1759 2336 1881 2406 delitiis
1907 2338 2009 2405 luisse
2030 2338 2193 2407 alienissi-

181 2422 423 2508 ignotissimum
449 2441 617 2505 quemque,
641 2419 844 2506 simulatque
866 2421 1030 2503 speeimen
1058 2437 1160 2484 anum
1213 2437 1322 2485 mam:
1351 2418 1408 2486 sed
1438 2442 1501 2504 quo
1527 2420 1661 2488 solutior
1682 2431 1770 2490 esset
1790 2421 1833 2489 ad
1853 2443 1935 2509 opus
1957 2424 2103 2507 Domini,
2134 2425 2194 2493 ali·

182 2508 237 2576 vel
266 2509 408 2575 alterum
439 2506 577 2573 ediderit
603 2507 690 2590 qnod
720 2505 871 2572 arrideat.
923 2505 1013 2571 Huio
1041 2504 1161 2587 impor-
1213 2505 1292 2587 quid
1314 2504 1412 2570 etiam
1435 2526 1477 2572 ex
1492 2505 1667 2574 ordinariis
1681 2507 1846 2576 alimentis
1860 2508 2039 2577 resaidiase.
2076 2511 2193 2596 Neque

183 2605 283 2661 tunae
315 2594 485 2676 eupiditati
518 2612 656 2676 gravem
684 2604 718 2657 et
744 2591 942 2675 prudentem
973 2590 1161 2674 episeopum
1214 2590 1304 2656 enim
1327 2599 1452 2670 natura,
1475 2590 1531 2658 sed
1550 2593 1769 2661 eontimntiae
1786 2594 1896 2661 studio
1913 2601 1986 2662 erat
2003 2596 2191 2666 abstemius.

182 2680 336 2747 resistere
357 2678 527 2745 eosvenit:
554 2676 829 2761 quemadmodum
851 2676 906 2744 hio
928 2675 1052 2744 Paulos
1072 2676 1162 2742 iubet
1214 2677 1261 2741 at
1290 2697 1388 2760 quam
1411 2678 1507 2761 panei
1529 2677 1627 2745 hodie
1648 2688 1727 2746 snut
1749 2680 1866 2764 quibus
1887 2701 2022 2749 neeesse
2043 2684 2086 2750 eit
2107 2704 2192 2768 aqna

184 2765 392 2832 'Pim0theum
414 2765 529 2831 faeere.
1213 2760 1426 2828 interdioere:
1456 2782 1553 2846 quam
1582 2764 1678 2831 multi
1701 2786 1779 2833 vero
1804 2767 1860 2850 qni
1882 2767 2104 2851 restringendi
2127 2771 2193 2837 sint

272 2852 382 2934 Neque
411 2850 622 2916 eommunices.
667 2848 840 2932 signifieat
867 2847 981 2914 eodem
1002 2845 1162 2931 implieari
1215 2846 1255 2913 ad
1285 2847 1429 2914 sobrium
1452 2849 1523 2915 vini
1551 2850 1689 2933 potnml
1733 2850 1836 2919 Porro
1863 2853 1915 2919 bie
1942 2859 2075 2937 apparet
2100 2875 2193 2938 ςιιιιιιι

183 2944 278 3006 reatu
300 2938 357 3022 qni
378 2935 513 3004 illieitae
529 2936 728 3020 promotioni
747 2935 934 3016 assentitur,
956 2943 1056 3015 atque
1074 2933 1177 3015 ipsos
1213 2953 1332 3000 meeeee
1352 2935 1395 3000 eit
1415 2935 1506 3001 aedis
1527 2936 1623 3003 edam
1642 2936 1697 3002 ehi
1713 2943 1792 3004 reete
1809 2959 1902 3022 esee
1918 2940 2075 3024 rupim,
2098 2943 2192 3024 spiri

183 3019 1162 3194 tffldttgittddtttttitterritet:
1215 3019 1494 3173 mm„
1520 3021 2193 3193 mltettttttttttss

183 3198 261 3279 rint,
292 3195 422 3280 eulpam
451 3194 500 3260 illi
531 3204 588 3260 aut
609 3192 723 3276 eulpae
744 3197 871 3276 partem
893 3191 1089 3273 imputatum
1109 3189 1161 3255 iri.
1213 3191 1383 3273 spectabat:
1408 3193 1465 3259 eed
1492 3193 1581 3276 quio,
1597 3195 1834 3275 reprelienditur
1855 3217 1876 3263 a
1896 3199 2017 3280 spiriu
2038 3197 2110 3280 Dei,
2139 3220 2191 3265 ee·

185 3282 251 3350 Sed
280 3281 363 3347 mihi
386 3281 447 3346 hoe
468 3279 601 3345 videtur
621 3277 818 3363 simplicius:
849 3275 990 3342 Etiamsi
1018 3276 1055 3342 in
1076 3273 1162 3341 hane
1214 3296 1333 3343 cessum
1361 3278 1482 3344 aeemri
1508 3280 1609 3345 emtus
1634 3282 1845 3363 meruerimus
1870 3284 1905 3348 ia
1927 3303 1961 3350 eo
1982 3284 2080 3368 fuisse
2100 3286 2191 3350 vitio·

184 3369 403 3434 temeritatem
436 3365 492 3431 alii
525 3375 755 3448 prorumpant,
788 3361 856 3428 noli
885 3373 917 3427 te
946 3361 1011 3427 illie
1037 3361 1160 3426 soeium
1213 3382 1294 3432 eam.
1339 3361 1446 3430 Simul
1470 3365 1609 3430 traditur
1627 3368 1784 3449 poneretis
1803 3369 1925 3451 repeto,
1953 3371 2001 3435 eie
2019 3371 2056 3435 ia
2078 3369 2190 3437 eiboet

182 3454 314 3537 addere,
337 3474 379 3519 ne
400 3452 499 3519 simul
521 3472 596 3518 reus
617 3452 687 3516 fiae.
732 3448 841 3531 Saepe
863 3448 951 3513 enim
972 3446 1100 3526 aeeidit,
1123 3457 1161 3511 ut
1208 3453 1288 3530 pota
1316 3450 1550 3529 tenpereadm
1577 3449 1666 3517 nobie
1693 3473 1768 3536 esee,
1796 3459 1831 3519 ut
1857 3454 1978 3538 depuli
2005 3455 2191 3524 voldeediaia

183 3560 253 3620 noe,
281 3539 379 3605 etiam
402 3549 489 3605 reete
511 3537 632 3621 alioqui
654 3536 842 3612 sentientes,
864 3532 1005 3616 abripiat
1021 3531 1159 3598 aliorum
1212 3554 1289 3600 saue
1316 3535 1470 3600 rationem
1496 3534 1635 3619 Miseret,
1663 3557 1725 3602 aon
1745 3540 1827 3605 vitoe
1841 3542 2064 3624 proropoadue
2084 3562 2189 3621 nawa,

182 3625 323 3693 stultitia
344 3635 377 3690 et
398 3625 524 3691 levitae.
560 3622 637 3688 Hae
658 3622 758 3686 etiam
780 3619 885 3685 relero
903 3617 988 3702 quod
1005 3620 1159 3685 eontinuo
1212 3619 1267 3685 seul
1294 3624 1328 3684 ut
1353 3620 1506 3702 quamdiu
1534 3623 1652 3705 emunt,
1682 3623 1751 3690 Deo
1776 3630 1805 3690 et
1826 3627 1988 3708 proximis
2012 3628 2105 3712 snei
2128 3630 2190 3695 etet

183 3726 264 3862 pli·
279 3710 894 3864 *llub'iffllliliilmplilii
912 3703 1160 3856 stetisti?
1212 3710 1304 3857 ill
1317 3705 1437 3858 m
1468 3706 1849 3876 ..lelblti'lbill
1869 3713 2189 3865 lllllelml’

182 3815 597 3950 illlauelxmeonseireirmvei)
615 3813 849 3963 agprobatione
878 3838 1029 3974 oontag’io
1058 3874 1099 3940 ad
1128 3885 1161 3941 te
1212 3877 1315 3942 etitio:
1336 3896 1395 3958 qao
1415 3878 1478 3977 loeo
1499 3878 1639 3945 bohemo
1660 3882 1719 3945 erit
1738 3817 2002 3950 Gu’rtrieuiiemnovirsem
2019 3821 2189 3966 obsim,

181 3971 362 4054 perveniat
419 3967 456 4035 Si
492 3963 649 4050 impedire
685 3985 752 4029 non
789 3970 881 4046 potes
917 3981 1091 4045 quominus
1124 3981 1160 4028 se
1212 3963 1326 4045 eade
1353 3982 1435 4029 mm
1463 3965 1567 4030 sotius
1594 3970 1638 4031 eet
1662 3987 1758 4049 quom
1784 3968 1821 4032 ira
1849 3975 1988 4036 ostreno
2015 3972 2190 4037 merae

183 4054 343 4141 polluant,
372 4054 488 4120 saltem
514 4063 572 4118 tua
593 4049 730 4116 eonsilia
752 4050 792 4116 ab
815 4047 880 4114 illis
901 4057 1091 4113 eoustanter
1112 4068 1160 4114 se
1207 4048 1393 4130 pauxillum
1421 4051 1529 4114 eureis
1553 4052 1709 4133 pretore?
1737 4054 1822 4135 qaod
1849 4055 2009 4137 eiporeie
2029 4061 2057 4122 et
2076 4055 2190 4122 sobriis

182 4155 296 4226 parata
319 4161 391 4206 esee
412 4139 574 4236 eonvenit,
596 4155 662 4220 quo
684 4154 802 4235 purum
821 4139 855 4199 te
872 4154 992 4200 serves.
1029 4131 1068 4199 si
1086 4132 1161 4216 quis
1208 4135 1408 4233 praeripitur
1428 4155 1466 4200 ae
1485 4135 1691 4235 metallinae
1711 4144 1841 4221 preveat
1860 4140 1963 4206 nimio
1978 4142 2187 4222 parsimonie,

182 4227 376 4398 ertit
391 4220 1160 4386 “szetttttmiitittt:rtis
1213 4219 1382 4390 titt
1399 4226 2191 4392 ilffleebllllliilfflitllil'ieffe

182 4406 416 4466 eumetantiam
438 4395 620 4482 praesentis
642 4393 703 4459 looi
724 4393 933 4476 restringere.
1212 4397 1296 4473 eunt,
1317 4391 1372 4458 sed
1391 4397 1543 4474 tanqam
1560 4392 1669 4460 butue
1683 4396 1819 4476 peotes
1839 4416 1861 4463 o
1877 4395 1996 4480 pabule
2016 4400 2155 4467 menet.

188 4553 189 4556 ,
269 4485 322 4552 23.
357 4485 408 4551 Ne
433 4482 563 4568 portitor
591 4479 679 4546 bibas
706 4496 832 4561 equom.
884 4474 1051 4558 Quoniam
1081 4477 1161 4543 haee
1300 4476 1352 4541 24.
1392 4478 1598 4560 Quomedem
1635 4479 1794 4547 luminum
1826 4488 1966 4564 peecata„
2025 4484 2188 4568 Quoniam

182 4572 348 4638 sententia
382 4579 574 4637 eontextnm
610 4564 790 4647 abrumpit,
827 4563 958 4646 quidam
991 4584 1058 4628 nou
1091 4583 1161 4629 esse
1214 4561 1299 4627 nihil
1320 4572 1371 4627 eet
1393 4563 1479 4647 quod
1503 4566 1608 4649 magia
1630 4568 1796 4634 exeruaiet
1819 4567 1931 4636 lidelea
1952 4568 2107 4639 eoeleaiae
2129 4572 2190 4637 mi·

181 4656 280 4724 Pauli
317 4657 532 4740 suspieentur.
591 4651 694 4734 Atqui
731 4646 878 4714 videmus
914 4647 1057 4714 Paulum
1093 4668 1160 4714 non
1215 4647 1347 4726 nistros,
1375 4669 1473 4732 quam
1503 4651 1559 4716 ubi
1587 4653 1682 4718 melia
1708 4653 1908 4737 eorrigendis
1928 4655 2055 4724 nudam
2077 4656 2190 4724 vident

182 4742 266 4810 adeo
299 4744 399 4809 luisse
431 4740 596 4807 eumaeum
630 4738 665 4802 in
700 4732 844 4800 texenda
875 4734 1031 4803 erationis
1059 4734 1160 4803 serie:
1215 4734 1392 4800 rationem:
1425 4735 1480 4801 nbi
1513 4743 1677 4822 eoguntur
1705 4736 1792 4806 ferre
1821 4739 2019 4825 hypooritae,
2052 4762 2189 4827 qnorum

183 4840 282 4914 atque
313 4828 375 4894 hoe
394 4827 443 4892 illi
465 4845 531 4891 non
554 4844 626 4891 esee
647 4821 838 4903 infrequens
859 4832 897 4885 ut
917 4817 1066 4886 diversas
1087 4840 1161 4886 sen·
1214 4819 1396 4904 nequitiam
1411 4820 1620 4907 intelligunt:
1641 4823 1764 4892 maltos
1778 4826 1927 4910 quisunt
1941 4829 2060 4897 noxiae
2074 4842 2187 4913 pestes.

183 4919 302 4983 tentiae
320 4914 444 4998 absque
458 4912 574 4978 ordine
589 4907 793 4993 permiseeat.
827 4904 956 4973 Deinde
969 4906 1042 4972 fieri
1055 4911 1163 4989 potest
1213 4916 1383 4991 nequeunt
1404 4927 1516 4974 areere
1537 4906 1579 4973 ab
1599 4908 1745 4988 emlesia,
1767 4930 1806 4978 ao
1827 4932 1869 4978 ue
1885 4913 2044 4996 impedire
2059 4915 2189 4999 quidem

182 5002 331 5154 tirel
351 4992 1183 5153 iiiiiimllllllllillilllltllillliei'
1213 4991 2188 5162 ffit¹”t.⁰¹⁸r.ittt.t⁶¹ztttttutttets

181 5171 291 5239 loonm
312 5133 519 5255 obrepserit,
541 5167 583 5233 In
605 5186 643 5233 eo
664 5174 777 5233 tamen
798 5186 866 5232 non
887 5164 934 5230 ita
955 5163 1053 5228 auxie
1074 5161 1162 5229 labo-
1214 5163 1339 5244 theam,
1370 5164 1440 5231 lore
1472 5165 1722 5250 utaliquando,
1756 5166 1813 5237 nbi
1839 5166 1915 5237 Deo
1943 5170 2052 5239 risum
2082 5172 2188 5246 luerit

178 5257 325 5326 randum
354 5269 415 5341 eet,
444 5261 474 5323 si
499 5255 591 5322 illum
612 5269 710 5336 quem
731 5251 800 5319 dixi
822 5249 918 5319 Pauli
940 5268 1064 5316 morem
1085 5266 1161 5316 oon·
1215 5249 1450 5332 protrahantur
1477 5251 1513 5319 in
1540 5250 1698 5321 medium.
1739 5252 1795 5321 Ita
1821 5254 1864 5325 ad
1889 5252 2095 5326 tolerantiam
2114 5277 2189 5324 eam
