4762 6016
185 419 247 486 117
1066 413 1216 480 osPtJu
1238 413 1303 481 111.
2120 419 2189 486 118·

185 615 310 683 Paulus
337 614 370 680 in
395 611 622 680 traditionibus
642 610 708 679 illis
729 610 771 678 ds
792 609 907 695 quibus
929 607 1023 694 agit?
1060 607 1156 691 Quod
1209 608 1364 677 debemus
1393 609 1457 677 nisi
1487 609 1626 678 eoeleste
1656 611 1816 696 oogitere,
1840 631 1881 678 eo
1909 610 1996 695 qnod
2026 612 2188 682 Christus

184 700 343 768 honorem
366 699 494 782 eorpori
519 697 647 765 nullum
670 697 813 764 habeant
834 716 894 780 pro
915 695 1023 763 uernis
1044 694 1156 778 exple·
1208 694 1309 762 sitin
1330 695 1437 762 ooelo:
1459 696 1695 779 quantominus
1716 697 1825 779 ipsum
1842 696 2013 765 Christum
2035 699 2070 764 in
2093 713 2189 768 terra

184 787 289 853 tione:
312 783 374 852 hoo
395 795 454 864 est,
477 805 534 869 pro
555 783 652 850 modo
674 781 885 850 necessitatis
930 780 1017 847 Nam
1045 778 1156 864 exple·
1207 800 1365 864 quaerere
1393 780 1586 848 eonvenietl
1617 782 1867 849 Meminerimus
1895 803 1974 868 ergo
2004 782 2091 852 huno
2111 807 2189 854 esso

184 872 232 938 tio
254 869 308 938 hie
331 868 589 938 mediooritatsm
610 869 783 955 signifieat,
805 889 890 951 quae
912 888 947 935 se
969 866 1011 933 ad
1032 865 1158 949 simpli·
1210 886 1322 933 veram
1355 866 1396 932 de
1417 865 1551 934 Christo
1579 868 1812 953 eogitutionem
1844 878 1879 936 et
1909 876 2067 952 ssnotam,
2099 891 2186 954 quae

185 977 256 1025 eom
283 963 422 1022 naturae
450 976 547 1022 usum
575 955 765 1039 restringit:
794 968 894 1039 etque
922 955 969 1019 its
996 951 1158 1036 voluptati
1208 972 1268 1019 noe
1289 952 1401 1018 statim
1423 953 1457 1018 in
1475 952 1600 1020 eoelum
1615 955 1712 1037 rapit,
1734 959 1772 1019 ιιι
1788 955 1897 1036 ipsum
1914 953 1982 1020 illie
2000 953 2186 1034 adoremus,

185 1050 220 1109 et
248 1043 422 1125 superfluis
450 1039 602 1108 omnibus
634 1038 758 1107 delioiis
788 1037 973 1123 opponitur.
1027 1037 1158 1104 Natura
1209 1045 1243 1103 et
1264 1058 1338 1104 eum
1361 1058 1399 1104 eo
1421 1036 1571 1105 habitent
1589 1050 1715 1106 mentes
1736 1050 1876 1107 nostres.
1920 1038 2017 1122 Quod
2039 1040 2081 1107 ad
2104 1041 2183 1109 dex·

184 1127 275 1197 enim
308 1127 421 1211 pausis
449 1137 603 1195 eontente
630 1137 691 1192 est.
742 1123 886 1192 Proinde
918 1143 1038 1208 negare
1071 1121 1156 1208 quod
1210 1131 1314 1189 teram
1351 1122 1416 1189 Dei
1450 1124 1603 1208 pertinet,
1639 1145 1705 1191 non
1741 1135 1792 1192 est
1823 1123 1951 1193 inolusa
1982 1125 2089 1194 eoelo:
2124 1126 2184 1194 sed

184 1213 323 1296 requirit
362 1211 405 1278 ad
448 1210 652 1279 tolerandum
687 1209 775 1277 vitse
811 1211 1056 1294 nenessitatem,
1092 1230 1157 1275 nen
1210 1217 1315 1274 totum
1339 1208 1496 1275 mundum
1518 1210 1641 1293 implet.
1685 1210 1766 1277 liius
1788 1231 1885 1295 porro
1906 1211 2106 1279 mentionem
2128 1211 2185 1280 hie

185 1298 293 1366 minus
315 1317 337 1364 η
357 1299 480 1381 pietate
501 1296 646 1364 alienum
668 1308 719 1364 est
740 1317 839 1381 quam
859 1295 1085 1362 inhumanum.
1210 1294 1288 1361 ieoit
1309 1292 1443 1375 Paulus,
1470 1303 1508 1360 ut
1536 1296 1739 1381 siguifiosret
1769 1294 1942 1363 Christum
1969 1317 2030 1363 sna
2059 1298 2184 1365 virtute

1210 1399 1272 1445 nos
1293 1381 1480 1464 eompleeti:
1509 1403 1552 1447 ne
1584 1382 1647 1449 looi
1668 1381 1857 1448 distantiam
1883 1403 2017 1449 oausam
2050 1383 2184 1450 divortii

1210 1464 1298 1564 iuter
1320 1469 1437 1566 noset
1458 1467 1566 1566 ipsum
1588 1475 1742 1568 putemus
1764 1489 1852 1534 ease:
1873 1467 1971 1534 emat
1986 1474 2022 1535 ηι
2039 1488 2098 1535 uos
2113 1469 2186 1536 sisse

536 1554 716 1639 CAPUT
736 1555 813 1637 HI·
904 1723 911 1738 .
1209 1556 1426 1738 mergum
1436 1554 2184 1726 ffirmowmtlwilohlhglligitutpeulo

273 1730 302 1793 1.
321 1725 408 1812 Ergo
428 1726 460 1794 si
480 1724 721 1793 memsuis
740 1743 810 1792 oum
833 1722 966 1803 Οιηιηιο,
987 1743 1068 1806 quoe
1087 1742 1159 1789 ηιη-
1211 1732 1295 1806 post,
1319 1733 1454 1791 vitiosas
1474 1723 1669 1808 eupiditates
1688 1746 1773 1810 quse
1787 1735 1926 1811 regnent
1947 1725 1984 1791 in
1998 1723 2184 1793 hominibus

185 1834 258 1882 ηιηη
285 1818 361 1882 sant
381 1813 529 1895 qtmers'iq
559 1811 614 1877 ubi
641 1809 787 1876 Οηιηηιηη
813 1817 860 1876 eet
890 1810 925 1875 io
945 1810 1074 1876 deutera
1094 1808 1159 1875 Dei
1212 1808 1367 1876 terrenis:
1397 1830 1502 1892 neque
1531 1811 1628 1876 etiam
1657 1831 1744 1895 opes,
1774 1822 1832 1877 aut
1854 1831 1959 1895 agros,
1990 1823 2048 1877 eut
2075 1810 2183 1892 aedes,

184 1899 308 1967 sedere:
330 1898 361 1964 2.
383 1919 464 1982 quus
484 1917 613 1964 ηηηηηηι
633 1900 708 1963 aaut
723 1896 862 1980 sopitus,
881 1916 944 1963 ηοη
964 1915 1044 1978 queue
1064 1915 1160 1976 super
1210 1903 1245 1962 et
1266 1915 1487 1981 quseoumque
1509 1894 1574 1961 alis
1594 1897 1776 1978 praesentis
1794 1897 1891 1974 vitae,
1913 1896 2030 1980 quibus
2048 1896 2184 1981 perinde

184 1990 312 2052 ιηπηηι.
356 1984 386 2050 3.
409 1983 533 2050 Mortui
559 1983 643 2049 ιηίηη
664 1982 746 2062 estis,
775 1987 805 2049 et
824 1982 889 2048 vito
910 1985 1014 2047 oseba
1034 1980 1157 2048 abscon
1210 1979 1371 2047 utendum
1391 1980 1484 2064 qussi
1507 2003 1571 2047 non
1594 1993 1741 2048 utamur:
1766 1980 1824 2048 sed
1846 1980 1953 2050 adhue
1975 1981 2184 2067 persequitur

184 2072 255 2139 dito
275 2075 320 2137 eet
339 2091 409 2136 eum
433 2069 556 2137 Christo
576 2069 611 2135 iu
631 2067 710 2134 Deo.
754 2067 784 2131 4.
815 2066 876 2135 Ubi
892 2071 994 2133 ηηιηηι
1013 2064 1159 2134 Christus
1210 2087 1304 2132 suam
1337 2066 1591 2150 disputetiouem
1624 2066 1665 2133 de
1698 2067 1910 2135 eaeremoniis
1942 2089 2023 2151 quas
2058 2067 2184 2136 similes

185 2158 375 2240 uppenrod
395 2157 460 2221 uite
481 2160 594 2237 ιιηηινη,
615 2160 687 2220 tune
708 2153 801 2220 etiam
822 2173 876 2221 our
891 2173 962 2220 oum
976 2153 1045 2235 ipso
1059 2173 1159 2235 appo-
1210 2150 1302 2219 triois
1324 2152 1410 2229 iuuit,
1433 2173 1514 2236 quae
1532 2173 1591 2220 nos
1608 2153 1701 2218 humi
1722 2172 1836 2236 repere
1854 2164 1981 2237 sugant.
2018 2153 2184 2234 Christus,

184 2242 293 2309 reditis
313 2241 349 2308 in
367 2241 480 2326 pluria.
1210 2237 1327 2321 inquit,
1353 2257 1412 2304 nos
1433 2259 1566 2304 sursum
1597 2238 1638 2306 ud
1660 2258 1696 2304 se
1719 2250 1821 2304 voest.
1865 2236 1928 2303 Isti
1950 2237 2101 2305 deorsum
2125 2259 2184 2308 vos

1211 2323 1380 2391 reduount.
1423 2323 1487 2389 Est
1516 2324 1606 2390 enim
1636 2323 1802 2391 eonelusio
1829 2335 1862 2388 et
1884 2325 2043 2407 expositio
2065 2343 2183 2391 eorum

272 2413 377 2479 Vanis
398 2411 464 2477 illis
486 2409 659 2485 exereitiis,
681 2430 764 2494 quae
782 2408 1039 2495 pseudoapostoli
1062 2430 1158 2493 urge·
1211 2430 1294 2492 quae
1316 2431 1421 2493 nuper
1442 2410 1596 2494 attigerat
1617 2410 1657 2476 de
1677 2409 1816 2475 interitu
1830 2412 2109 2476 eaeremoniurum
2123 2432 2185 2494 per

187 2500 278 2576 bunt,
308 2498 400 2581 quasi
428 2497 496 2562 illio
524 2497 589 2564 sita
619 2511 705 2563 esset
728 2495 893 2579 perfeetio,
924 2517 1003 2562 vera
1023 2493 1160 2578 opponit
1212 2494 1338 2563 Christi
1367 2503 1517 2561 mortem.
1561 2498 1611 2562 Ao
1641 2496 1668 2560 ei
1690 2495 1829 2561 diuerst:
1860 2494 1938 2561 Ideo
1959 2497 2185 2562 eueremonise

187 2585 305 2671 quibus
325 2583 475 2666 occupari
497 2581 703 2649 Christianos
725 2580 832 2648 deoet:
855 2579 941 2665 quod
959 2602 1023 2647 nou
1041 2602 1158 2665 parum
1211 2581 1305 2647 vobis
1339 2591 1483 2647 mortuus
1515 2587 1593 2646 sunt
1629 2601 1686 2664 per
1719 2580 1845 2647 Christi
1877 2590 2025 2661 mortem,
2058 2595 2092 2647 et
2125 2603 2184 2649 vos

188 2672 231 2738 ed
252 2689 386 2737 osusam
408 2669 506 2735 velet.
550 2667 636 2734 Nam
664 2666 740 2733 dum
764 2666 977 2752 perspioimus
999 2665 1077 2751 quid
1099 2685 1160 2732 nos
1211 2667 1287 2746 illis,
1322 2676 1367 2745 ut,
1400 2667 1434 2731 iu
1457 2666 1585 2732 eoelum
1617 2687 1694 2733 oum
1726 2666 1859 2733 Christo
1892 2666 2021 2743 sublati,
2052 2676 2183 2734 tantum

187 2757 283 2824 Deus
305 2754 387 2822 velit
408 2775 514 2839 agere,
541 2753 635 2820 laoile
658 2763 771 2836 postes
797 2752 1036 2819 contemnimus
1058 2750 1160 2817 homi·
1211 2773 1354 2836 superna
1391 2752 1548 2837 eogitetis.
1604 2752 1693 2836 Ergo
1732 2764 1862 2819 terrene
1898 2753 2050 2818 omittite.
2107 2752 2186 2820 Nun

187 2863 269 2910 num
287 2842 431 2907 inventa
475 2839 565 2905 Dum
587 2850 697 2905 sutem
719 2848 854 2923 appetet
875 2838 972 2922 longe
993 2860 1064 2905 esse
1085 2837 1160 2903 sub
1212 2839 1406 2904 oontendam
1437 2839 1596 2905 adversus
1623 2837 1704 2905 elius
1730 2839 1787 2921 qui
1817 2858 1910 2904 aeuus
1932 2838 2093 2905 sentiunt:
2125 2837 2186 2906 sed

187 2928 302 2994 limius
323 2939 355 2992 et
376 2927 596 3009 praestantius
617 2923 701 3008 quod
722 2925 816 2991 nobie
833 2922 925 2990 Deus
942 2923 1160 3001 commendat,
1211 2932 1299 2991 uerte
1322 2924 1449 2990 videtur
1472 2923 1551 2989 mihi
1574 2923 1741 3007 apostolus
1757 2926 1804 2990 itu
1818 2923 1981 3007 gradatim
2001 2923 2185 3008 proaedere,

189 3034 288 3098 quem
306 3013 389 3096 quod
405 3011 555 3077 homines
569 3010 744 3087 inouloant,
762 3010 878 3075 oresoit
893 3011 994 3075 enimi
1008 3010 1159 3076 alteritas
1211 3020 1249 3076 ιιι
1281 3011 1423 3094 primum
1453 3009 1646 3075 traditiones
1675 3008 1714 3075 de
1743 3010 1841 3077 rebus
1870 3009 2020 3076 levioulie
2041 3022 2185 3094 opponat

189 3099 233 3166 ad
254 3097 364 3164 Deum
394 3096 606 3179 sequendum,
636 3095 822 3161 huminibus
849 3095 1050 3177 posthabitis.
1094 3094 1161 3160 Hie
1211 3097 1359 3164 eoelestis
1382 3097 1468 3162 vitae
1491 3095 1712 3161 meditationi:
1735 3095 1851 3162 deiude
1867 3095 2004 3161 ulterius
2019 3095 2185 3180 prooedat,

188 3184 315 3252 Psulus
335 3183 544 3250 Colossenses
574 3182 725 3248 hortetur
752 3178 794 3246 ad
825 3180 1069 3247 meditationem
1089 3202 1161 3247 ooe·
1212 3182 1486 3265 quemadmodum
1509 3180 1701 3248 videbimus.

168 3271 283 3345 ‚lestis
305 3271 402 3336 vitae.
447 3268 535 3350 Quid
563 3277 674 3334 sutem
702 3264 904 3333 adversarii?
938 3266 1084 3333 detinere
1107 3287 1161 3333 sus
1298 3267 1329 3333 3.
1353 3266 1478 3334 Mortui
1504 3267 1586 3333 euim
1613 3268 1697 3333 suu.
1741 3267 1929 3351 Resurgere
1950 3286 2026 3332 oum
2048 3265 2186 3334 Christo

191 3354 345 3424 volebant
365 3354 400 3420 in
422 3353 600 3439 puerilibus
623 3353 827 3419 rudimentis.
872 3351 942 3418 Ista
962 3354 1064 3438 igitur
1085 3352 1161 3419 doo-
1214 3374 1280 3420 non
1302 3364 1412 3438 potest
1440 3353 1504 3420 nisi
1526 3352 1581 3436 qui
1603 3352 1693 3437 prius
1715 3351 1813 3418 fuerit
1835 3372 1910 3419 eum
1931 3352 2003 3437 ipso
2025 3363 2185 3420 mortuus

191 3441 280 3508 trina
305 3441 382 3506 fauit
410 3451 448 3506 ιιι
474 3439 698 3508 eaeremoniae
723 3440 830 3523 magis
852 3439 1020 3505 vilesuuut.
1064 3437 1161 3505 Unde
1213 3440 1292 3506 ldeo
1314 3461 1334 3504 a
1355 3439 1594 3507 resurreetione
1616 3445 1848 3523 argumentum
1871 3438 1960 3506 dueit
1973 3437 2016 3503 ad
2032 3447 2187 3521 mortem,

188 3536 333 3604 onustat,
356 3526 404 3591 ite
417 3525 560 3592 Paulum
581 3524 708 3591 hortari
730 3524 792 3591 hou
814 3525 884 3591 looo
906 3535 944 3591 ιιι
961 3525 1162 3608 superiorem
1213 3537 1367 3610 tanquam
1394 3545 1415 3590 a
1442 3534 1660 3609 oonssquente
1689 3523 1731 3589 ad
1759 3524 1966 3605 anteoedens,
1993 3523 2186 3609 signifiouns

190 3611 375 3678 doctrinam
403 3611 585 3677 oouiirmet.
629 3609 776 3678 Solidam
806 3612 894 3677 enim
917 3611 1071 3694 pietatem
1094 3612 1162 3678 des
1213 3632 1274 3678 uos
1295 3610 1419 3677 mundo
1441 3623 1590 3695 oportere
1611 3630 1682 3677 esse
1703 3621 1860 3688 mortuos,
1883 3617 1919 3676 ιιι
1936 3608 2070 3677 Christo
2093 3611 2186 3677 viva·

190 3694 333 3780 nubens,
355 3715 393 3762 so
415 3694 504 3762 vitas
525 3696 784 3774 senetimouiam,
807 3695 872 3763 hue
887 3696 992 3762 tendit
1010 3706 1047 3762 ut
1060 3717 1163 3763 vanae
1213 3718 1298 3764 mus.
1347 3695 1500 3781 Superna
1528 3717 1587 3762 our
1614 3694 1725 3763 doeuit
1754 3694 1939 3778 quaerendu
1967 3698 2062 3761 esse?
2096 3694 2185 3777 Quis

192 3781 269 3849 illue
304 3781 429 3865 speeies
460 3779 676 3848 humansrum
710 3781 921 3848 traditionum
954 3794 1163 3850 evanesoant.
1214 3804 1343 3852 sursum
1384 3782 1453 3848 vite
1487 3793 1538 3847 est
1573 3781 1714 3866 piorum.
1772 3779 1841 3848 Cur
1877 3799 1967 3847 nuno
2002 3779 2186 3847 omittenda

192 3866 303 3937 Simul
345 3866 516 3951 praevenit
557 3866 771 3935 obieotionem
814 3888 880 3952 qna
918 3878 1051 3951 possent
1089 3888 1163 3935 eum
1215 3870 1310 3937 donet
1338 3889 1423 3953 quas
1451 3874 1531 3933 sunt
1550 3887 1650 3951 super
1671 3865 1818 3934 terram?
1853 3865 1941 3949 Quis
1962 3866 2084 3934 mundo
2105 3875 2188 3932 sunt

191 3973 333 4040 grurus
365 3950 643 4036 pseudoapostoli,
680 3950 769 4034 Quid
800 3955 903 4037 ergo?
947 3964 984 4020 ιιι
1016 3952 1164 4020 hemines
1216 3955 1346 4022 mortui.
1380 3953 1480 4021 Ausi
1501 3952 1640 4020 diaeret:
1667 3953 1963 4030 Resurrsotionem,
1986 3972 2085 4037 quum
2108 3951 2188 4031 dixi,

191 4039 299 4107 masis
319 4058 390 4105 esse
411 4038 533 4104 otiosos
555 4057 651 4122 quarn
674 4038 746 4104 istis
764 4037 1046 4123 qualibusounque
1071 4061 1164 4105 exer·r
1215 4060 1305 4106 mors
1327 4037 1497 4107 suteeedit.
1541 4039 1631 4123 llrgo
1659 4047 1833 4121 utrumque
1862 4039 1896 4104 in
1926 4034 2017 4105 vobis
2048 4037 2191 4121 speetari

192 4126 279 4192 uitiis
309 4122 449 4191 vaoarel
483 4121 596 4204 Quum
625 4142 703 4206 ergo
724 4123 841 4190 studiis
863 4123 961 4209 longe
983 4125 1165 4208 potioribus
1216 4135 1355 4212 oportet.
1399 4123 1546 4210 Dignum
1576 4123 1638 4192 hoo
1667 4122 1851 4204 observatu,
1879 4122 1966 4207 quod
1989 4124 2090 4191 vitem
2113 4142 2192 4190 nos·

192 4209 382 4286 inoumbere
404 4209 495 4275 iubet
515 4208 733 4289 Christianos,
761 4209 920 4294 praeoidit
946 4230 1062 4276 snsam
1088 4208 1166 4277 huio
1216 4223 1302 4278 ιιηιιι
1324 4211 1403 4278 dioit
1423 4231 1494 4279 sese
1512 4209 1749 4278 ubsoonditum:
1772 4231 1815 4278 ne
1830 4210 2016 4293 iremsmus,
2039 4221 2096 4275 aut
2112 4228 2189 4276 oon·

190 4295 384 4365 oelumuiae.
428 4294 501 4361 Imo
533 4294 656 4361 invidis
687 4316 753 4362 non
781 4315 883 4379 perra
918 4296 1006 4378 ipsos
1041 4304 1166 4380 oneret,
1216 4318 1400 4381 queremur,
1421 4298 1451 4364 si
1473 4296 1542 4363 vita
1563 4307 1675 4363 nostra
1696 4294 1756 4362 sub
1783 4296 1961 4380 ignominia
1981 4294 2098 4378 ιιιιιιιίη,
2126 4293 2189 4363 sub

192 4380 281 4467 quod
317 4380 413 4447 nihili
449 4379 669 4449 avoosmentis
705 4383 829 4449 reatum
869 4381 996 4466 piorum
1031 4403 1165 4450 oursum
1216 4383 1318 4450 vsriis
1339 4382 1505 4450 aerumnis
1526 4381 1663 4467 sepulte,
1686 4379 1768 4447 nihil
1790 4403 1810 4446 e
1832 4389 1937 4447 morte
1958 4379 2109 4447 differat:
2130 4379 2192 4447 sed

192 4465 383 4552 impedient.
1216 4467 1381 4552 petienter
1415 4476 1641 4552 exspertemus
1676 4464 1888 4534 revelationis
1923 4463 2017 4532 diem.
2060 4464 2112 4534 Ao
2147 4488 2191 4533 ne

282 4553 312 4619 1.
336 4551 375 4621 ut
402 4552 657 4620 oorssurreuistia.
708 4552 866 4620 Assensio
893 4551 1164 4620 resurreetionem
1216 4554 1417 4622 molestarit
1437 4555 1648 4638 exspeotatie,
1670 4552 1915 4620 notumneistes
1937 4551 2124 4636 partientes,
2146 4551 2192 4617 in

190 4639 379 4705 eomitatur.
437 4638 527 4724 Ergo
561 4637 590 4705 si
626 4635 751 4706 Christi
787 4635 934 4705 membra
970 4658 1093 4718 sumus,
1128 4639 1164 4705 in
1216 4638 1321 4723 Deo,
1352 4650 1394 4706 et
1420 4659 1507 4707 oum
1534 4637 1720 4706 Christo:
1754 4658 1837 4721 quse
1869 4637 2067 4723 eiguilioant,
2093 4649 2191 4704 extra

194 4722 325 4791 eodum
356 4722 573 4792 uonsoendere
602 4744 662 4792 nos
691 4731 835 4808 oportet:
866 4722 942 4808 quie
962 4722 1165 4792 exeitatuss
1215 4725 1396 4810 perieulum
1418 4745 1490 4793 esse
1519 4725 1621 4792 vitum
1647 4733 1802 4804 nestrum,
1830 4723 1961 4790 tametsi
1990 4741 2059 4790 non
2088 4741 2192 4808 appu·

194 4810 333 4877 mortuis
353 4809 390 4875 in
412 4808 538 4877 eoelum
560 4817 711 4895 reoeptus
732 4813 793 4891 est,
821 4818 860 4875 ut
880 4829 990 4876 seeum
1013 4830 1072 4875 nos
1101 4818 1165 4876 tra·
1215 4819 1296 4878 reat.
1340 4809 1426 4876 Num
1456 4818 1490 4877 et
1511 4810 1603 4876 Dens
1624 4809 1730 4877 tidelis
1752 4821 1813 4890 est,
1841 4808 1976 4893 ideoque
1998 4830 2065 4875 nou
2087 4809 2195 4875 abne·

188 4894 299 4962 'heret
344 4894 543 4996 Quaerimus
571 4906 682 4996 autem
710 4916 793 4995 quae
814 4916 945 4962 sumum
967 4901 1057 4975 suut,
1086 4895 1164 4962 dum
1259 4896 1307 4995 bit
1328 4895 1520 4997 depositum,
1543 4917 1603 4963 nee
1621 4893 1716 4995 'fallet
1737 4895 1772 4960 in
1793 4911 1947 4996 suseeptu
1968 4891 2132 4995 oustodis:
2154 4901 2192 4959 et

192 5001 428 5166 {limidi}
456 4999 781 5135 williel
796 4979 1086 5152 distillet
1098 5001 1164 5133 2⁰1¹?
1216 4983 1342 5136 „llll
1366 4990 1942 5167 ollffinlllffimsllillll'ss
1964 4989 2193 5151 ,tffttt

194 5152 308 5236 primis
336 5150 558 5218 assiduitetsm
585 5150 688 5219 studii
716 5162 750 5219 et
780 5152 1037 5220 vehementiam:
1069 5171 1107 5219 ee
1136 5153 1164 5220 si
1215 5163 1361 5222 nostrum
1383 5173 1515 5220 manere
1536 5172 1611 5219 oum
1640 5173 1711 5237 ipso
1734 5153 1821 5221 vitae
1842 5151 1954 5220 sonte?
1986 5150 2099 5234 Quare
2121 5173 2197 5219 uon

194 5235 331 5306 diseret:
360 5235 414 5306 Sit
440 5236 521 5304 haeo
549 5243 619 5305 tots
649 5245 758 5306 vestre
779 5238 964 5305 meditstio:
987 5236 1083 5304 huoi
1149 5273 1163 5290 ·
1215 5249 1266 5307 est
1297 5238 1383 5326 quod
1413 5247 1607 5318 terreamur,
1652 5238 1681 5305 ai
1712 5239 1859 5325 undique
1891 5239 2197 5323 oiroumspieieutss

195 5322 298 5405 nium,
328 5323 392 5392 lruo
421 5323 569 5391 ηιιὶιιιιιιιι
599 5322 771 5409 applioste.
817 5323 992 5393 Caeterum
1021 5325 1051 5393 si
1078 5324 1148 5392 ni'
1214 5325 1320 5420 vitum
1341 5347 1502 5413 nusquam
1531 5345 1714 5394 oernsmus
1758 5323 1825 5411 Sps
1848 5326 1936 5394 enim
1958 5322 2043 5394 salvi
2063 5342 2194 5408 sumus,

1951 5443 1989 5505 8⁸.
