4762 6016
187 659 227 727 11
810 654 954 724 uulsa.
978 653 1120 722 PAULI
1143 651 1207 721 An
1229 650 1569 721 emmanuelis
2151 642 2204 718 12

186 873 250 940 qus
272 852 405 953 melius
429 850 594 937 exprimat
626 869 722 936 quam
743 847 949 949 honorabile
982 848 1083 949 uubis.
1104 848 1161 914 sb
1214 849 1317 949 igitur
1337 863 1498 948 summam
1520 846 1634 914 sorum
1657 845 1832 932 quus-illis
1849 847 1980 933 petebat
2001 868 2021 915 a
2042 847 2132 917 Dos:
2145 846 2202 918 dt

185 932 1163 1108 militaiibustttmtttlttlttfttl
1214 931 1676 1087 ttttttttllttitt
1695 931 2205 1119 :ttttlt’bt‘tlttt

185 1110 263 1179 iude
294 1111 382 1177 enim
404 1120 468 1175 ..est
499 1127 537 1174 as
568 1107 597 1174 si
629 1106 723 1173 nobis
756 1105 918 1193 evangelii
946 1106 1163 1191 patrosinium
1214 1104 1382 1172 mutuum
1405 1102 1668 1193 Philippensium
1697 1104 1865 1189 asspiret
1882 1106 1978 1189 proi
2065 1106 2200 1192 Philip⁴

186 1188 368 1263 manseros
380 1227 396 1258 μ
415 1195 488 1262 Has
509 1193 631 1260 ssilisst
648 1193 845 1280 sopitatisne
862 1192 982 1258 armati
998 1198 1165 1276 martyres
1215 1189 1387 1276 pentibus:
1408 1189 1548 1274 qualitor
1565 1189 1677 1276 vulgo·
1688 1189 1817 1259 barbari
1834 1190 1924 1276 loqui
1940 1211 1978 1259 ss
1990 1202 2057 1274 eut,
2079 1204 2196 1262 rastra

186 1291 499 1366 potueruntomses
517 1280 693 1363 impiorum
712 1278 838 1345 iurares
866 1284 1074 1345 oontemsero
1095 1295 1164 1342 sm·
1215 1276 1410 1359 reverentia,
1433 1283 1542 1342 rastra
1563 1276 1762 1360 paternitas:
1784 1276 1962 1344 absurdum
1979 1288 2039 1346 est.
2076 1278 2207 1364 Neque·

186 1370 307 1450 niaque
333 1381 496 1434 tormenta
526 1385 691 1448 superare.
744 1367 852 1448 Atque
881 1364 1008 1430 utinam
1037 1360 1099 1430 hos
1127 1361 1172 1427 ia'.
1215 1362 1304 1428 euim
1327 1360 1392 1427 tale
1419 1360 1605 1446 exemplum
1638 1370 1747 1429 exstet
1773 1362 1809 1428 in
1839 1362 1952 1443 Paulo,
1974 1363 2127 1434 neudum
2154 1365 2206 1432 ih·-

188 1467 331 1519 mentem
351 1453 479 1517 veniret
509 1452 659 1517 omnibus
686 1451 743 1534 qui
767 1450 808 1514 ad
829 1450 1064 1516 sosiossionam
1087 1447 1164 1514 fidoi
1192 1445 1484 1524 vsousuetudisem
1522 1456 1685 1514 venerant
1723 1447 1806 1515 tales
1845 1449 2009 1536 ineptiae,
2062 1446 2202 1519 Daiuds'

187 1542 425 1621 usmetun-'sa
458 1548 612 1622 patronus
642 1556 713 1602 esso
740 1533 882 1602 dolestos
911 1555 931 1599 a
959 1533 1096 1626 Christo
1122 1532 1164 1599 ad
1215 1533 1327 1600 minus
1354 1532 1465 1617 plena,
1480 1542 1566 1601 esset
1588 1535 1766 1601 sententia:
1796 1544 1830 1601 et
1851 1533 1973 1620 alisqui
1995 1534 2140 1622 simplex,
2157 1544 2201 1606 eb

189 1626 351 1710 qondam
382 1625 451 1689 aias
471 1641 613 1689 oaumm.
658 1620 740 1686 Nam
762 1621 984 1688 esnsslatiose
1006 1620 1064 1686 tali
1087 1617 1164 1685 sub·
1216 1617 1376 1685 natumlis
1404 1620 1580 1686 verborum
1611 1640 1727 1687 seusus
1755 1620 1877 1706 optime
1906 1621 2054 1706 quadrat.
2103 1623 2205 1691 Vera·

188 1712 277 1788 uixi,
301 1710 515 1776 animosiores
545 1717 654 1774 essem
685 1726 783 1791 quam
817 1717 855 1772 ut
887 1707 968 1773 sdes
1000 1706 1094 1772 iasile
1123 1703 1171 1769 sd·
1215 1705 1305 1770 onim
1334 1702 1599 1777 Christianorum
1632 1708 1835 1775 inerementi
1864 1717 1953 1788 sunt,
1986 1728 2098 1861 psum
2119 1729 2204 1793 pro*

188 1795 357 1882 pertidum¹
378 1794 588 1861 defossionem
603 1818 606 1826 ¹
619 1794 837 1863 flosterentur.
881 1792 1007 1859 Verum
1028 1797 1166 1875 quaeret
1216 1790 1332 1856 fisiunt
1356 1792 1392 1855 in
1414 1791 1579 1876 agnitione
1602 1802 1636 1858 ot
1657 1791 1883 1877 intelligentia,
1912 1793 1987 1860 dein
2011 1809 2029 1861 a
2051 1794 2204 1864 in‘sariss

189 1882 439 1965 hiatquispiam,
461 1901 541 1946 uum
565 1880 605 1945 ab
625 1879 796 1944 homiuum
818 1879 1004 1945 ssnstsstis
1023 1877 1166 1962 pendeat
1216 1884 1294 1942 tute.
1328 1876 1445 1959 Itaque
1461 1877 1622 1960 partisula
1638 1882 1696 1960 iu,
1713 1879 1891 1946 sesundum
1910 1879 2046 1963 phrasin
2061 1881 2199 1968 liuguae

189 1968 354 2052 evangelii
386 1967 602 2034 sonfirmatis.
657 1965 861 2049 Respondes,
894 1964 959 2032 Dei
992 1965 1163 2029 veritatem
1217 1961 1398 2062 hebraisae,
1421 1964 1549 2047 sapitur
1565 1966 1625 2066 'his
1647 1986 1705 2068 prs
1728 1985 1829 2032 sum:
1845 1965 1940 2033 sisuti
1962 1967 2202 2070 edomitans-j

190 2052 609 2206 tumulltu
626 2060 1017 2203 ,ttttttttttt
1042 2049 1167 2215 itit?
1217 2047 1992 2205 tltel¹⁸¹ltttttmtlttttt⁰tlt'·
2011 2063 2204 2225 titffltts

191 2224 285 2293 Deus
307 2237 418 2290 tamon
439 2232 684 2289 voraxmanot.
728 2221 794 2287 Sed
819 2231 957 2287 nonest
979 2221 1165 2298 absurdum,
1218 2220 1358 2286 maiores
1378 2221 1414 2284 in
1437 2221 1622 2305 segnitisne
1643 2235 1836 2309 progressus
1858 2225 2003 2303 issimus,
2027 2244 2066 2292 eo
2088 2226 2198 2311 magis

191 2312 340 2393 infirmas
367 2310 583 2375 sonssieutias
604 2308 726 2373 talibus
748 2308 955 2373 adminisulis
977 2309 1011 2371 in
1034 2327 1072 2372 ea
1092 2327 1168 2372 son·
1219 2304 1314 2370 debet
1334 2326 1479 2372 sressore
1501 2307 1536 2373 in
1559 2311 1651 2376 nobis
1671 2309 1799 2377 soritas.
1839 2310 2071 2379 aunonenses
2094 2318 2207 2378 emoti

191 2398 326 2462 firmari.
380 2394 489 2461 Habet
511 2396 625 2479 igitur
663 2395 723 2458 hos
760 2414 865 2478 genus
901 2392 1167 2473 ssnfirmationis,
1219 2401 1256 2455 ut
1277 2391 1395 2457 ueritas
1415 2402 1526 2458 rostra
1547 2395 1728 2462 seeundum
1751 2395 1988 2481 intelligentiae
2005 2412 2207 2473 mensuram,⁴

191 2485 286 2548 suius
323 2481 447 2547 Paulus
488 2482 650 2558 meminit,
694 2479 883 2544 relationem
925 2478 967 2544 ad
1007 2479 1166 2543 hominos.
1218 2487 1350 2543 erassat.
1402 2475 1548 2544 Omnis
1581 2480 1913 2565 intelligentiae
1946 2503 2005 2567 pru
2026 2482 2134 2568 plena
2164 2492 2201 2551 at

192 2566 497 2650 Quemadmodum
517 2576 628 2631 nostra
663 2566 866 2649 experientia
885 2565 1070 2643 discimus,
1106 2565 1168 2629 hos
1219 2562 1330 2640 solida,
1354 2581 1421 2627 nou
1444 2573 1551 2632 autem
1574 2569 1719 2634 omnium
1744 2588 1862 2635 rorum.

193 2655 310 2720 saltem
326 2660 389 2717 ,tot
412 2661 595 2736 martyrum
618 2651 778 2717 caedibus
791 2652 893 2717 tuisse
914 2650 1103 2735 profestum,
1131 2659 1169 2713 ut
1308 2649 1358 2714 10.
1403 2647 1442 2715 Ut
1474 2653 1614 2734 probetis
1651 2674 1742 2736 quse.
1802 2654 1960 2721 Definitio
1998 2656 2199 2723 shristiauue

193 2739 328 2805 totidem
351 2739 451 2820 ‚quasi
481 2737 600 2822 sigillis
629 2737 836 2820 evangelium
865 2736 1020 2801 sordibus
1048 2736 1168 2802 sostris
1220 2736 1408 2819 sapientiae,
1438 2758 1631 2822 sognsssere
1660 2738 1737 2823 quid
1769 2759 1847 2804 ere
1869 2741 1921 2817 sit,
1952 2742 2004 2806 vel
2027 2740 2209 2826 expediati-

193 2826 433 2909 obsignaretur.
483 2823 579 2889 Unde
608 2823 687 2889 illud
718 2823 921 2900 Tertulliani,
951 2843 1063 2887 sorum
1093 2843 1168 2886 san·
1221 2843 1287 2886 non
1315 2822 1349 2884 in
1374 2823 1468 2886 vanis
1496 2827 1633 2910 argutiis
1662 2845 1699 2890 as
1728 2823 2004 2908 spesulatiouibus
2028 2828 2207 2912 ingenium·

194 2913 468 2995 guinemaaemen
498 2931 568 2976 esse
598 2909 760 2975 osslesiae.
805 2908 912 2990 Quem
942 2930 1002 2993 ego
1030 2908 1168 2991 quodam
1222 2919 1384 2990 torquere.
1436 2907 1549 2994 Neque
1582 2913 1669 2977 euim
1699 2909 1862 2977 Dominus
1892 2912 2056 2978 inutiliter
2086 2913 2202 2980 fidelos

194 2999 340 3064 sarmine
361 3017 434 3062 sum
456 2995 659 3081 imitatusstl
751 3028 753 3035 ·
959 3068 962 3079 ,
1222 3015 1298 3060 sues
1329 2993 1399 3058 vult
1432 3013 1599 3080 ssonpare,
1632 3007 1667 3061 ut
1701 2995 1828 3064 diseunt
1856 2997 1940 3080 quod
1972 2998 2055 3064 nihil
2084 2999 2201 3084 prosit.

218 3110 255 3145 ἰ
281 3083 425 3149 Sanetus
448 3091 483 3146 at
503 3082 559 3147 ille
580 3102 685 3160 aruer,
709 3081 812 3145 divini
835 3085 977 3146 assertor
1000 3079 1141 3158 honoris,
1223 3081 1312 3145 Hins
1339 3079 1456 3163 sollige
1486 3104 1551 3164 qus
1580 3084 1649 3150 loos
1678 3081 1827 3149 habende
1849 3084 1892 3148 sit
1914 3083 2085 3150 sorbosisa
2105 3086 2202 3151 thos-

261 3200 263 3206 ·
282 3167 493 3250 Gigseudam
517 3167 556 3233 ad
580 3168 732 3245 sobolem,
755 3167 889 3231 seminis
911 3167 1016 3230 instar
1038 3167 1110 3233 erit.
1224 3167 1321 3251 logia,
1355 3165 1388 3228 in
1423 3185 1488 3248 qua
1517 3170 1544 3232 si
1576 3169 1676 3234 vitam
1707 3171 1958 3252 sonsumpseris,
1992 3170 2095 3237 nihils
2125 3171 2203 3256 plus

217 3277 221 3285 ’
282 3257 311 3320 8.
337 3255 440 3320 Testis
462 3256 545 3318 esim
566 3254 646 3319 mibi
667 3259 712 3319 est
731 3252 829 3317 Deus.
867 3253 965 3317 Nuus
982 3254 1172 3337 expressius
1223 3253 1301 3318 indo
1323 3249 1554 3319 aedifisatienis
1577 3256 1610 3319 iu
1633 3274 1724 3338 spem
1743 3255 1893 3321 eoelestis
1911 3257 2007 3334 vitas,
2032 3256 2085 3325 vel
2103 3257 2202 3340 spiri·

195 3363 291 3406 suum
326 3360 403 3423 arga
436 3340 508 3405 illos
541 3360 684 3404 amorem
716 3339 868 3404 desierat.
921 3339 1025 3404 Cuius
1056 3360 1171 3423 appro·
1225 3337 1323 3405 tualis
1353 3337 1477 3405 fruetus
1506 3349 1661 3424 reportes,
1694 3362 1790 3424 quam
1821 3362 1861 3405 ex
1891 3342 2037 3408 Euslidis
2067 3341 2203 3409 demon·

195 3427 296 3491 bandi
333 3445 432 3492 seusa
467 3426 695 3490 iusiurandum
734 3424 881 3503 adhibet,
919 3425 1012 3508 idque
1046 3427 1173 3492 merito:
1225 3424 1445 3490 strationibus.
1492 3425 1589 3492 Corte
1616 3428 1741 3491 etiamsi
1768 3425 1850 3492 nihil
1873 3427 1946 3493 falsi
1969 3428 2111 3511 deserat,
2139 3427 2203 3497 hos

194 3514 623 3596 sensumsensurn
645 3512 731 3594 aptari
750 3509 853 3575 Deion
874 3512 916 3576 sit
937 3511 1078 3578 cadmiae
1096 3531 1173 3578 ease
1225 3519 1334 3576 tames
1364 3510 1497 3577 nemius
1526 3513 1642 3578 morito
1669 3513 1860 3579 execrabilis
1883 3534 1952 3579 osse
1975 3514 2081 3599 debat,
2114 3514 2203 3602 quod

195 3598 382 3680 aedificetis.
414 3596 498 3664 ans
514 3603 617 3663 satem
634 3598 803 3680 inprimis
819 3597 903 3680 utile,
922 3596 1021 3663 Paos·
1037 3618 1174 3663 ammos
1225 3597 1410 3682 pernisiosa
1426 3601 1478 3661 ost
1494 3599 1673 3681 spiritualis
1691 3598 1856 3666 dostrinao
1874 3600 2065 3683 profanatio.
2100 3600 2202 3671 Utilis

190 3684 300 3768 probe,
327 3705 392 3749 osae
419 3689 570 3749 ‘wamma
609 3682 875 3766 Philippensibus.
934 3683 1049 3767 Neque
1085 3684 1172 3748 enim
1225 3684 1314 3750 enim
1343 3682 1512 3766 seriptura,
1544 3695 1580 3748 ut
1608 3685 1715 3767 inquit
1746 3684 1868 3751 Paulus
1896 3685 1941 3772 (2.
1963 3687 2047 3753 Tim.
2078 3686 2204 3775 3,16):

195 3791 311 3855 parum
350 3770 410 3836 hos
442 3770 530 3835 valet
567 3768 609 3834 ad
636 3769 742 3834 fidem
780 3769 946 3835 doetrinae
982 3768 1173 3848 iasioudam,
1226 3770 1293 3835 illis
1313 3768 1396 3834 nihil
1420 3780 1549 3853 praetor
1571 3770 1706 3855 frigidas
1729 3769 1920 3856 leptologias
1942 3773 2085 3857 reperire
2107 3782 2165 3840 est
2203 3797 2206 3808 ·

121 3903 123 3906 ι
219 3877 300 3921 uum
329 3875 505 3938 persuasus
535 3863 584 3921 est
611 3856 749 3938 populus
783 3874 802 3918 a
839 3855 969 3921 duetore
997 3876 1032 3921 ss
1060 3854 1174 3920 amari.
1316 3857 1382 3938 Quo
1410 3856 1483 3920 sitis
1508 3856 1634 3922 sinuosa
1678 3857 1771 3923 Haeo
1800 3871 1848 3923 est
1878 3857 2003 3925 utilitas
2033 3879 2131 3944 quam
2161 3869 2208 3927 e'x'

195 3879 308 4010 Banu
325 3942 468 4023 appellat
486 3951 601 4011 test-em
619 3943 774 4016 veritatis,
794 3943 850 4023 qni
867 3942 955 4006 solus
973 3950 1022 4006 ost
1037 3942 1172 4007 veritas:
1227 3943 1413 4027 sugsitiune
1435 3951 1655 4026 reportamus:
1679 3964 1744 4008 nou
1768 3954 1805 4008 ut
1826 3945 1895 4009 suis
1913 3945 2050 4030 quisquo
2067 3946 2205 4013 rationi*

198 4030 304 4094 ot-sui
321 4028 470 4104 effossus,
493 4029 551 4109 qui
573 4027 663 4093 solus
686 4037 735 4092 sot
755 4037 916 4092 serutatur
937 4027 1094 4094 sordium.
1133 4027 1175 4092 In
1228 4029 1302 4094 bus¹
1318 4038 1424 4093 astuto
1453 4030 1612 4114 sousulat,
1641 4029 1699 4095 sed
1728 4038 1766 4095 ut
1787 4050 1870 4113 pura
1891 4032 2091 4098 sunosiontiu
2112 4033 2209 4100 viva·

198 4114 301 4181 uerbo
324 4112 595 4182 desiderandi:
617 4114 741 4196 speeies
753 4123 807 4178 ost
825 4133 1035 4197 proponere:
1055 4113 1176 4179 amoris
1229 4134 1426 4180 massoram
1443 4113 1522 4181 Deo.
1571 4115 1729 4199 Sequitur
1747 4124 1784 4181 et
1802 4116 2001 4182 iuoiiansi.
2038 4116 2208 4184 Graosum'

197 4200 544 4351 *ttfftttsti
563 4197 877 4370 itiitltttt
894 4210 1175 4352 ttttl'tlttt
1229 4200 2210 4372 itt?,iiiiiittllttltit‘siltt‘tmt'ss

199 4371 420 4452 adastuiput:
437 4371 601 4456 signifieat
627 4378 791 4438 sanatum·
806 4392 844 4438 as
873 4373 967 4454 pium
985 4392 1057 4439 esse
1077 4391 1175 4439 suum
1228 4381 1340 4456 sagrus
1369 4392 1439 4437 esee
1463 4338 1609 4453 viluerit,
1640 4374 1687 4437 its
1713 4394 1803 4439 nuns
1826 4373 1909 4440 velit
1930 4394 2041 4442 suram
2063 4374 2212 4442 hominii

200 4476 353 4531 amorem
374 4457 586 4541 ..itemqu
602 4455 795 4535 taosundum
828 4476 960 4523 sarnam
978 4482 980 4491 ’
995 4468 1092 4538 amat,
1125 4478 1177 4523 re·
1208 4458 1291 4523 'hus
1318 4458 1491 4523 honestum
1519 4459 1623 4525 vitam
1653 4459 1781 4543 dusera,
1811 4480 1852 4524 uo
1880 4460 1999 4545 quibus
2028 4461 2127 4528 malis
2146 4460 2211 4528 o‘x'«Y

199 4550 346 4628 spastum
357 4541 470 4608 {habet
481 4545 542 4608 sui
564 4543 744 4623 summsdi:
761 4551 804 4607 et
826 4552 936 4626 potest
957 4543 1096 4611 subinde
1118 4563 1177 4626 pro
1229 4543 1345 4627 amplis
1363 4544 1528 4626 proximos
1545 4543 1687 4610 laedant.
1719 4543 1760 4609 Id
1775 4564 1835 4629 ogs
1850 4564 1918 4613 nun
1932 4546 2058 4613 reiisis:
2073 4549 2211 4648 passiva,

198 4649 310 4696 rerum
333 4637 367 4693 et
389 4639 573 4712 temporum
596 4631 752 4695 varietata
775 4631 921 4694 animum
944 4641 1079 4695 mutare.
1120 4629 1176 4694 ln·
1230 4639 1339 4694 tamon
1361 4629 1556 4714 signilisatio
1577 4629 1745 4696 asntoxtni
1767 4631 1873 4715 aptior
1895 4641 1954 4716 ost,
1980 4652 2053 4699 mso
2074 4633 2209 4702 rusius:

199 4714 489 4785 terimradmonot
525 4715 700 4800 ad'surm
733 4716 893 4799 regulam
916 4717 1005 4800 exigi
1030 4714 1178 4781 debeant
1230 4715 1272 4780 In
1301 4716 1364 4780 hes
1394 4713 1555 4799 siquidem
1584 4715 1793 4800 prudentiam
1823 4717 1891 4783 illis
1919 4719 2054 4802 optavit,
2087 4731 2127 4785 ut
2145 4719 2213 4786 '‘in“

200 4803 348 4870 fidelium
371 4802 524 4867 effeetus:
542 4810 666 4886 nempo
687 4810 725 4865 ut
746 4801 1044 4887 abdisatszprspria
1061 4801 1177 4867 volun·
1230 4800 1356 4868 offenso
1386 4799 1489 4886 gradu
1560 4805 1659 4887 rgast
1687 4801 1723 4865 in
1746 4803 1916 4870 vosatisne
1942 4825 2011 4886 sua,
2041 4823 2144 4890 usqua
2169 4805 2213 4873 iu'

199 4900 275 4959 tare
290 4887 425 4954 lihsisto
446 4887 887 4970 gubernasulapsrmittant.
913 4888 973 4954 :Et
994 4896 1082 4954 serto
1111 4900 1179 4952 non
1231 4887 1315 4952 diem
1334 4886 1469 4953 Christi.
1544 4888 1622 4973 isuti
1645 4891 1760 4954 ssntra
1781 4889 1968 4974 ignorantia
1989 4892 2027 4957 fit
2048 4900 2087 4958 ut
2107 4894 2164 4960 suso
2207 4894 2213 4911 ⁴

200 4973 335 5040 aliunde
352 4975 854 5055 manaro·-potostvsra·sasitss,
867 4982 975 5061 ‘quam
994 4995 1035 5040 ex
1053 4970 1180 5041 cursu
1230 4971 1387 5053 labamur,
1415 4972 1460 5038 im
1484 4973 1646 5058 lugemus,
1675 4994 1831 5041 erremus.
1875 4975 1925 5043 ut
1950 4982 2029 5062 quot
2050 4911 2212 5064 mnditia:

200 5060 392 5128 raseline
411 5043 492 5126 .-.l‘·l
509 5076 587 5141 ¹sss
618 5057 727 5125 10er
752 5079 893 5143 paupere
922 5078 980 5124 sss
1006 5059 1097 5126 debet
1128 5057 1180 5122 bis
1230 5057 1408 5125 identidem
1423 4992 1516 5124 nobis
1531 5057 1638 5126 Satan
1653 5059 1791 5140 obiisiat,
1809 5081 1891 5146 quae
1906 5082 2038 5130 sursum
2053 5062 2207 5132 nostrum

200 5145 358 5223 mar,
379 5143 556 5230 Οιιιιιιιιιι
570 5163 634 5210 eus
648 5147 775 5226 aiacem
797 5146 1021 5228 quodammodo
1034 5143 1177 5228 >operire²
1231 5145 1283 5211 vol
1306 5144 1510 5228 abrumpant,
1533 5144 1586 5213 vol
1608 5145 1799 5232 impediant,
1821 5148 1957 5233 quisque
1978 5156 2128 5216 nostrum
2146 5156 2214 5234 piu·

201 5230 979 5314 parlaszmotssumdntorsssesmeromfsssat:
1060 5280 1062 5284 -
1117 5262 1119 5267 ·
1230 5230 1465 5314 seoxparitur.
1616 5275 1620 5283 -
1952 5310 1955 5315 ,
2142 5242 2212 5271 ’·’“

210 5315 320 5387 ,tosio-d:
333 5314 739 5399 iHosspressrssstssritse.
775 5316 876 5383 Radit
892 5316 934 5382 sd
947 5315 1180 5399 prosumnus,
1317 5316 1369 5383 11.
1392 5314 1518 5399 Impieti
1536 5318 1694 5400 frontibus
1713 5319 1862 5388 sottus.
1898 5319 1971 5388 Hos
1988 5319 2216 5406 quidamism

202 5401 440 5489 quomrum
454 5410 681 5490 ‚tantum-uuo
703 5402 806 5483 vsi-liu¹
817 5403 1006 5489 attigerat:
1031 5401 1182 5487 llxpouit
1230 5400 1273 5467 sd
1294 5410 1466 5469 externam
1482 5401 1586 5470 sitam
1603 5405 1755 5489 pertinet.
1774 5406 1886 5473 ¹Bonis
1903 5406 1991 5473 onim
2007 5405 2212 5483 mnnitulih'

202 5493 483 5559 μιμῇμι
794 5532 808 5549 ι
1036 5516 1041 5541 ÷
1079 5522 1082 5531 ·
1212 5487 1807 5580 -irustsssuussparibusprsdusit
1847 5490 2209 5578 ltaque-tortilianum

215 5579 891 5666 ,tilidfltfflae‘ffitoppit'ftmffl
918 5597 970 5634 ιιι
1077 5596 1184 5633 -=2.,.;
1212 5572 1326 5658 sapit
1343 5572 1435 5639 bouis
1454 5575 1608 5659 oporibus
1627 5574 1663 5640 iu
1686 5575 1916 5665 Deiglsriam.
1943 5568 2210 5648 *lalsstrus'tutl
