4740 6016
179 273 241 340 etl
799 268 945 338 EPIS'I'.
968 267 1112 338 PAULI
1134 267 1201 337 AD
1222 266 1506 336 ulnoufluutt
1527 265 1562 333 11
2122 267 2189 334 utu

179 466 277 534 nibus
299 464 432 534 ιιιὶᾶίιι
463 463 573 532 statim
602 463 665 532 hoa
686 464 781 532 nobis
809 463 846 530 in
872 467 1014 530 mentem
1037 463 1156 545 veniat,
1208 482 1246 530 ao
1267 465 1302 529 in
1324 462 1472 547 speculis,
1494 461 1710 546 oonspiaimus
1731 480 1829 545 quam
1852 461 2044 528 detestanda
2065 462 2110 528 sit
2130 461 2187 529 ho·

180 553 283 620 Novit
304 551 468 617 Dominus
490 551 546 635 qni
568 551 620 616 sui
642 550 717 616 sint
1208 550 1305 615 minis
1330 547 1481 630 oouditio,
1511 549 1574 614 nisi
1597 549 1660 616 Dei
1690 548 1813 634 gloriae
1842 569 1884 613 ex
1913 548 2023 613 animo
2051 550 2185 615 ιιιιὶιι.

266 637 419 704 Βίιιιᾶιι
451 635 491 704 ab
521 636 691 702 telesina.
740 633 847 703 Siouti
879 635 969 719 prius
1002 634 1157 702 seandalo
1209 635 1299 718 Ergo
1321 633 1480 700 eiusmodi
1502 637 1655 720 exempla
1676 636 1832 717 optimam
1854 633 2094 700 exhortationis
2116 655 2186 700 ma·

45 778 47 782 ,
180 723 329 805 ooaurrit,
362 743 405 788 ne
433 722 533 789 ullius
565 721 707 787 hominis
739 719 876 788 detentio
906 719 1155 804 trepidationem
1209 722 1324 786 teriam
1352 720 1446 787 nobis
1476 721 1645 803 praebent,
1674 731 1712 786 ut
1733 720 1899 785 sanctitati
1922 728 1957 784 ιι
1977 720 2187 787 innoeentiue

180 809 317 876 nimiam
338 809 502 875 incuteret
526 805 693 874 fidelibus:
722 805 769 872 ita
790 827 880 873 nuno
908 807 1073 891 proposito
1098 806 1157 872 tali
1209 805 1407 871 studeamus.
1453 805 1550 886 Quod
1580 817 1689 873 autem
1712 805 1807 871 multi
1829 804 2012 871 abutuntur
2034 805 2099 872 hoa
2121 817 2186 872 tes·

180 895 428 981 hypoaritarum
450 891 612 976 exemplo,
644 890 740 958 dooet
761 912 827 957 non
848 913 919 958 esse
940 893 1017 957 tiata
1037 892 1158 975 proles·
1207 891 1355 968 timonio,
1379 901 1416 956 ut
1437 911 1537 974 penes
1554 892 1719 959 volentem
1734 902 1767 956 et
1781 901 1966 958 enitentem
1983 890 2187 958 eonstituant

180 982 271 1049 sione
292 978 527 1046 ohristianismi
553 998 629 1045 oum
651 975 724 1043 Deo
751 976 942 1044 ludendum.
985 977 1035 1044 Aa
1056 979 1085 1043 si
1107 976 1156 1042 di·
1208 975 1292 1060 quod
1319 977 1395 1042 alibi
1419 976 1574 1063 (Romi),
1598 977 1653 1065 16)
1683 985 1823 1043 ιιιιιιιι
1844 976 1969 1042 Paulus
1994 997 2066 1042 esse
2087 979 2186 1044 mise·

180 1072 277 1144 aeret,
307 1065 419 1147 Quum
440 1065 488 1129 ita
509 1062 701 1147 hypoaritus
722 1063 815 1129 Deus
836 1062 1014 1146 deantur,
1043 1082 1156 1129 eornm
1207 1062 1310 1128 rentis
1334 1062 1405 1138 Dei,
1429 1083 1584 1146 perquam
1606 1063 1765 1130 frivolum
1788 1072 1848 1128 ιιι.
1884 1061 2000 1146 Neque
2021 1062 2110 1128 euim
2133 1063 2187 1130 hio

180 1151 360 1236 nequitiem
390 1149 583 1234 detegendo,
612 1148 774 1215 diseamus
800 1149 929 1216 sineere
957 1149 1157 1214 somnientia
1208 1147 1333 1213 Paulus
1360 1149 1400 1212 de
1427 1149 1586 1215 eleatioua
1612 1149 1782 1216 hominnm
1810 1149 1968 1232 disputat,
2002 1159 2041 1213 ut
2071 1148 2186 1215 doaeat

180 1258 256 1304 eum
278 1237 404 1313 timere,
429 1234 571 1319 nequid
593 1233 688 1300 nobis
707 1232 815 1300 simile
835 1235 1014 1319 eontingat.
1059 1233 1156 1315 Quis·
1207 1252 1366 1318 quaenam
1389 1235 1433 1299 sit
1454 1235 1523 1301 eius
1540 1255 1649 1314 eausa,
1671 1232 1944 1319 quemadmodum
1959 1234 2001 1299 ad
2017 1234 2186 1300 Romanos

180 1323 254 1407 quis
276 1339 355 1407 ergo
378 1321 488 1386 Deum
511 1322 651 1400 invooat,
672 1317 734 1386 hoo
757 1328 815 1398 est,
838 1340 874 1386 sa
896 1341 937 1385 ex
959 1319 1078 1403 populo
1092 1320 1156 1385 Dei
1207 1319 1313 1404 aspite
1341 1337 1447 1386 nono:
1477 1319 1535 1385 sed
1562 1329 1692 1386 tantum
1723 1320 1796 1385 vult
1821 1340 1882 1385 nos
1911 1319 2086 1386 dissimiles
2115 1340 2186 1386 esse

181 1429 253 1474 esse
303 1407 454 1472 rolitetur
482 1425 521 1472 aa
546 1405 672 1471 oenseri
694 1404 777 1485 vult,
805 1404 846 1472 ab
875 1406 965 1471 omni
986 1405 1156 1489 impietate
1207 1405 1326 1490 impiis,
1347 1424 1430 1489 quos
1445 1408 1546 1472 exitio
1560 1426 1621 1472 suo
1636 1417 1730 1472 natos
1745 1425 1816 1472 esse
1831 1406 2004 1472 assuimus
2037 1404 2186 1473 Proinde

181 1428 405 1579 proauiabsit.
438 1490 524 1557 Nam
538 1489 593 1558 hia
611 1492 798 1557 invooare
815 1511 964 1557 nomen
988 1490 1156 1558 christi
1207 1492 1345 1558 stultum
1368 1499 1428 1570 ast,
1450 1513 1492 1558 ex
1506 1492 1559 1559 his
1580 1492 1690 1558 verbis
1703 1491 1856 1576 oolligere
1877 1491 1965 1557 sitne
1980 1491 2015 1555 iu
2036 1489 2185 1557 hominis

180 1577 318 1664 perinde
338 1577 428 1645 valet
457 1585 555 1660 atque
581 1576 714 1660 gloriari
735 1577 805 1643 eius
827 1577 932 1659 titulo,
962 1576 1015 1643 vel
1035 1577 1156 1642 isatare
1207 1585 1367 1660 potestate
1394 1597 1431 1642 ιι
1460 1597 1640 1664 aggregare
1669 1579 1704 1643 iu
1734 1597 1907 1643 numerum
1936 1575 2077 1641 liliorum
2104 1574 2182 1655 Dei,

182 1684 218 1732 se
240 1683 311 1730 esse
330 1684 372 1728 ex
394 1683 494 1746 grege
522 1661 628 1727 illius:
658 1660 931 1745 quemadmodum
954 1661 1102 1742 lesai.4,
1125 1662 1155 1740 1,
1207 1662 1333 1746 sibique
1356 1670 1504 1729 autorem
1527 1684 1598 1730 esse
1619 1684 1698 1729 snse
1720 1662 1913 1746 adoptionis.
1948 1661 2023 1727 Non
2037 1660 2099 1727 boa
2112 1660 2183 1747 agi·

76 1762 81 1772 ‘
181 1760 216 1817 ιι
237 1748 359 1816 Genes.
374 1748 427 1833 48,
451 1748 502 1826 19,
528 1747 672 1813 invooari
694 1767 813 1813 nomen
835 1748 899 1814 viri
921 1767 1020 1831 super
1040 1747 1156 1814 mulie-
1208 1755 1262 1813 tur
1291 1748 1327 1813 in
1356 1748 1550 1832 praesentis.
1595 1748 1745 1816 Suiliniat
1773 1747 1883 1815 brevis
1910 1747 1976 1814 ista
2004 1745 2182 1813 admonitio

181 1854 262 1915 rem,
290 1835 452 1934 signifieat
479 1832 649 1900 mulierem
678 1833 804 1934 oenseri
831 1833 979 1935 legitima
1008 1833 1156 1918 eoniugis
1207 1833 1366 1937 adversus
1387 1855 1452 1911 eos,
1482 1836 1542 1935 qui
1559 1835 1675 1900 iubent
1697 1834 1863 1934 homiuem
1892 1833 2001 1899 iaoere
2030 1840 2069 1899 nt
2088 1851 2184 1932 prae·

181 1918 417 2086 ἓὲἕὲιῗῗὲἶοὲἓι·
431 1916 1156 2104 tttrttffliltttttttttttttitt
1208 1919 1868 2090 lutulentitsitttlttttlt
1887 1918 2186 2104 {leibnitii

181 2112 220 2162 eo
241 2089 328 2173 quod
349 2090 507 2176 originem
529 2089 571 2156 ab
591 2109 662 2173 rpso
684 2088 789 2156 duest.
1207 2102 1282 2157 ante
1304 2092 1482 2158 eonstituta
1495 2091 1609 2157 mundi
1626 2092 1848 2157 fundamenta.
1877 2088 2187 2174 Ali1,anlibarum

268 2176 321 2245 20.
344 2177 386 2241 Ia
406 2195 523 2262 mapula
543 2173 667 2258 quidem
687 2175 785 2241 domo.
828 2175 901 2241 Iam
924 2176 1062 2242 ulterius
1083 2197 1155 2261 per·
1207 2177 1375 2243 arbitrium
1408 2175 1487 2243 hina
1518 2176 1676 2261 eolligunt
1707 2175 1832 2242 homini
1866 2186 2038 2260 suppetere
2074 2174 2117 2240 ad
2150 2195 2187 2241 se

181 2264 240 2347 git,
272 2283 310 2328 aa
341 2261 553 2328 similitudine
581 2261 795 2344 demonstrat,
827 2259 908 2326 adeo
939 2281 1006 2327 nou
1039 2261 1156 2328 debere
1207 2261 1472 2347 praeparandum
1492 2271 1530 2328 nt
1543 2274 1638 2346 aptus
1660 2262 1703 2327 sit
1717 2271 1751 2328 at
1768 2261 1928 2327 formatus
1941 2263 1976 2326 in
1991 2261 2185 2344 obsequium

180 2369 241 2415 nos
262 2348 398 2424 turbari,
427 2366 529 2431 quum
552 2347 677 2430 aliquos
700 2344 860 2424 videmus,
886 2347 941 2430 qui
963 2346 1004 2413 ad
1026 2357 1155 2431 tempus
1207 2348 1281 2427 Dei,
1309 2350 1418 2413 minus
1439 2347 1570 2431 quidem
1599 2347 1702 2430 inepti
1723 2357 1801 2413 snut
1821 2347 1929 2430 prima
1954 2347 2062 2430 speeie
2084 2364 2186 2429 quam

181 2435 336 2500 eximiam
359 2435 516 2517 pietatem
536 2440 570 2498 et
597 2451 762 2498 summum
783 2432 887 2498 uelum
917 2452 996 2516 prae
1016 2453 1052 2499 se
1074 2432 1156 2499 tule-
1207 2433 1255 2499 illi
1278 2434 1420 2517 priores:
1442 2433 1526 2498 nihil
1549 2443 1656 2498 temni
1679 2435 1812 2499 firmum
1834 2433 1986 2499 afferunt.
2019 2431 2185 2514 Praeaipit

181 2528 269 2605 runt,
297 2520 437 2602 turpiter
459 2518 613 2602 retroagi:
643 2525 681 2582 ut
706 2518 815 2600 potins
841 2516 1016 2584 debeamus
1037 2538 1155 2603 agnos·
1208 2517 1372 2602 apostolus
1393 2529 1430 2584 ut
1452 2539 1488 2585 ιι
1509 2530 1694 2602 expurgent
1715 2517 1757 2583 ab
1777 2517 1985 2583 immunditie
2004 2517 2183 2600 impiorum

181 2624 255 2672 eera
284 2605 431 2671 denorum
459 2611 492 2668 et
513 2612 623 2687 aptum
650 2602 875 2687 providentiae
897 2602 1028 2669 divinus
1052 2605 1155 2669 admi·
1207 2606 1392 2690 quionnque
1406 2603 1551 2669 Domino
1572 2624 1607 2670 ιι
1629 2623 1818 2670 eonsearare
1834 2604 1987 2687 eupiunt:
2009 2601 2097 2668 idem
2110 2621 2185 2686 pes·

181 2692 420 2790 nistrationem.
442 2687 526 2769 Quis
540 2692 628 2754 enim
643 2688 786 2788 amplam
798 2688 930 2790 domum
945 2688 1157 2774 vituperabit,
1191 2692 1270 2799 ¹sim
1285 2691 1377 2756 Deus
1399 2690 1567 2790 praeeipit.
1599 2689 1713 2789 Neque
1731 2691 1819 2756 enim
1835 2688 1924 2754 aliud
1946 2688 2001 2756 hio
2022 2687 2184 2765 eudimus,

180 2773 893 2942 litt¹„ttttffllttllitbtt
907 2773 1157 2943 diffidit
1207 2775 1431 2946 tatuit
1453 2773 2186 2945 ltlllltttttllrutt,Petet

180 2946 360 3013 sedetiam
383 2944 464 3012 vilet
494 2965 532 3010 aa
552 2943 744 3028 pudendos?
786 2944 860 3010 Iino
890 2945 971 3012 haee
993 2945 1157 3013 distinotio
1207 2947 1360 3030 rinthios,
1383 2945 1599 3023 lllnndamiui,
1621 2947 1677 3029 qui
1700 2947 1793 3011 tertis
1813 2966 1895 3012 vasa
1916 2945 2062 3012 Domini.
2096 2945 2187 3011 Hine

181 3032 223 3098 ad
246 3040 397 3098 ornatum
415 3031 568 3116 pertinet,
590 3030 906 3114 siquemadmodum
922 3031 1024 3116 lulget
1038 3032 1157 3099 abuous
1208 3035 1278 3099 sine
1300 3034 1522 3099 eontrovereia
1548 3041 1648 3116 petet,
1679 3050 1740 3098 nos
1761 3032 1873 3098 roaari
1901 3031 1943 3097 ad
1964 3033 2185 3098 ιιιιιιιιιιιιι.

180 3126 214 3183 et
235 3138 350 3185 mensa
368 3137 448 3183 auro
470 3124 502 3182 et
524 3125 668 3202 argento,
689 3116 736 3183 sio
750 3117 860 3184 eulina
880 3117 1034 3184 fietilibus
1055 3127 1089 3184 et
1111 3128 1157 3184 te·
1208 3118 1277 3185 Sed
1299 3119 1363 3184 alia
1384 3123 1436 3184 ast
1457 3117 1498 3183 de
1519 3119 1690 3184 venatione
1714 3117 1886 3202 olliaiuque
1907 3116 2184 3192 Christianorum,

179 3204 297 3270 etaoeis
325 3204 488 3270 instruatu
509 3210 569 3268 ιιι.
603 3201 693 3283 Quid
722 3223 801 3289 ergo
822 3203 983 3269 miramur
1004 3205 1032 3269 si
1055 3204 1157 3288 Deus,
1207 3205 1272 3269 slis
1301 3204 1342 3270 de
1363 3203 1519 3270 fsonltate
1547 3203 1599 3269 vel
1625 3205 1772 3288 potentia
1798 3204 1956 3286 quaestio.
1999 3201 2136 3284 Requiri
2163 3221 2184 3266 a

180 3297 250 3354 tum
273 3288 364 3358 dives
386 3297 419 3355 et
445 3289 595 3372 aopiosus
621 3287 865 3372 paterfamilias,
895 3289 930 3354 in
951 3288 1013 3354 hoa
1033 3289 1157 3356 mundo
1207 3289 1359 3357 fidelibus
1388 3298 1425 3355 ut
1453 3309 1489 3355 se
1518 3290 1700 3373 purifieent,
1732 3308 1800 3354 non
1828 3309 2003 3375 negamus:
2035 3285 2091 3353 sed
2122 3286 2183 3352 hex

181 3382 337 3458 tanquam
365 3374 402 3440 in
431 3373 541 3457 ampla
570 3372 666 3439 domo
694 3374 802 3440 varios
838 3372 954 3440 hebeat
994 3373 1156 3454 homines,
1207 3397 1278 3443 asse
1304 3395 1382 3442 suas
1410 3383 1529 3458 partes,
1558 3372 1635 3439 alibi
1657 3375 1821 3440 Dominus
1849 3374 2050 3458 pronuntiat,
2079 3392 2184 3456 quum

181 3465 340 3544 tanquam
361 3459 572 3544 multiplioem
595 3457 854 3543 supelleetilem?
892 3459 1067 3526 Caeterum
1089 3481 1156 3527 non
1193 3459 1483 3546 ‘peruersitatem
1499 3459 1564 3545 (36,
1580 3458 1636 3547 25)
1657 3460 1869 3544 promittitse
1890 3460 2068 3527 missuram
2082 3478 2186 3542 eques

181 3547 334 3613 eonvenit
362 3547 450 3613 inter
469 3544 674 3629 interpretes,
706 3566 748 3611 sn
776 3544 893 3611 domus
914 3564 1033 3630 magna
1054 3547 1155 3613 eoele-
1207 3545 1366 3630 mundas,
1396 3550 1434 3613 ut
1462 3545 1669 3612 mundemur.
1714 3545 1827 3627 Quare
1854 3546 1963 3630 potius
1992 3567 2013 3612 a
2042 3543 2185 3612 Domine

180 3632 261 3697 siam
282 3631 396 3710 solam,
418 3652 462 3698 an
484 3639 590 3697 tatum
612 3630 771 3697 mundum
795 3630 965 3715 signifioet.
1009 3631 1060 3698 Aa
1081 3652 1156 3698 oon·
1206 3633 1426 3718 flagitandum
1458 3642 1496 3697 ut
1527 3652 1589 3698 nos
1620 3641 1751 3716 purget,
1782 3652 1879 3716 quam
1907 3631 2032 3699 frustra
2059 3632 2095 3697 in
2123 3630 2186 3698 hoa

180 3726 293 3783 textus
314 3717 446 3804 quidem
475 3717 540 3784 huo
561 3717 668 3800 potius
694 3737 753 3783 nos
775 3715 872 3798 duait,
898 3726 936 3781 nt
959 3716 998 3783 da
1020 3716 1156 3784 eoelesia
1207 3717 1385 3784 tentandae
1413 3717 1534 3800 absque
1563 3718 1633 3784 eius
1660 3717 1784 3782 auxilio
1806 3718 1893 3785 vires
1914 3726 2055 3784 nostrae.
2100 3715 2186 3782 Vas

180 3802 413 3889 intelligamus.
468 3804 582 3886 Neque
614 3803 701 3867 enim
735 3803 775 3869 de
811 3803 977 3868 extraneis
1009 3801 1157 3886 disputat
1193 3803 1249 3870 'in
1267 3804 1464 3869 honorem
1483 3802 2185 3887 sanotiiiaatnmsignifiostsepsrstum

181 3888 315 3967 Paulus,
337 3891 394 3955 sed
417 3888 457 3955 da
478 3889 550 3973 ipsa
571 3888 635 3953 Dei
657 3887 790 3954 tamilla.
828 3887 924 3969 Quod
947 3897 1059 3954 tamen
1081 3909 1155 3973 pro·
1191 3889 1240 3955 ¹in
1263 3910 1342 3956 usus
1364 3890 1521 3955 honestos
1540 3908 1579 3954 aa
1600 3887 1797 3971 splendidos.
1826 3887 1881 3954 Ita
1901 3899 1935 3954 et
1955 3888 2185 3972 patrifamilias

182 3976 322 4054 nuntiat,
351 3973 549 4061 generaliter
574 3994 690 4040 rerum
719 3981 780 4041 ιιι.
824 3974 979 4058 Adeoque
1007 3973 1087 4041 alibi
1114 3975 1155 4040 ab
1205 3975 1317 4042 utile
1361 3996 1421 4059 pra
1448 3973 1596 4059 eoquod
1624 3973 1738 4040 ested
1809 3984 1980 4041 atesinus
2001 3990 2183 4042 antummo-

183 4059 294 4127 eodem
323 4060 471 4144 apostolo
498 4057 540 4124 ad
563 4067 667 4124 totum
694 4059 854 4126 mundum
878 4060 1085 4127 extenditur:
1114 4060 1155 4126 ad
1191 4062 1295 4148 gdnm.
1322 4023 1444 4126 i'ostsa
1464 4059 1688 4144 metaphoram
1711 4080 1775 4143 exp
1788 4059 1865 4141 ioat,
1886 4080 1987 4144 quum
2009 4059 2099 4126 addit
2120 4077 2184 4124 nos

182 4145 352 4212 Romanos
378 4144 500 4213 sailioet
526 4146 631 4228 eapite
660 4165 756 4224 nono,
785 4168 816 4212 v.
839 4146 891 4222 21,
921 4145 977 4212 ubi
998 4145 1156 4230 reprobos
1207 4146 1325 4214 debere
1339 4146 1581 4213 esselormatos
1603 4145 1649 4211 ad
1669 4165 1788 4211 omne
1805 4165 1911 4228 opus
1929 4145 2091 4211 bonum.
2117 4143 2185 4210 lla·

183 4251 297 4298 omnes
310 4230 374 4297 lraa
387 4229 520 4297 nomine
535 4231 791 4314 eomprehendit.
819 4230 964 4297 Proinde
978 4252 1045 4297 non
1060 4231 1156 4297 valde
1207 4241 1336 4299 aesssnt
1365 4253 1443 4317 ergo
1470 4233 1604 4298 insanae
1632 4231 1848 4297 lanatioornm
1877 4229 2047 4297 hominnm
2075 4249 2185 4311 ιοιιι,

182 4317 396 4402 pugnandum
425 4325 476 4383 est
496 4317 524 4383 si
546 4315 620 4400 quis
641 4316 682 4382 ad
705 4315 864 4383 mundum
890 4317 1084 4400 simplieiter
1105 4338 1155 4383 re-
1208 4318 1358 4384 Serviam
1378 4317 1501 4401 gloriae
1518 4319 1580 4383 Dei
1597 4326 1634 4382 ut
1649 4316 1789 4385 Pharao.
1823 4316 1911 4398 Quid
1935 4319 2024 4383 enim
2045 4318 2185 4382 interest

181 4403 275 4469 ferat.
309 4402 517 4486 Quamquam
539 4422 604 4468 nou
627 4400 761 4468 dubium
777 4412 829 4468 est
849 4403 927 4485 quin
944 4402 1068 4469 Paulus
1091 4403 1156 4469 huo
1207 4404 1305 4469 modo
1336 4403 1538 4490 glorifiaetur
1569 4400 1684 4469 Deus?
1739 4403 1825 4469 Nam
1856 4402 1912 4469 hia
1944 4412 2057 4487 aperte
2090 4402 2184 4468 Deus

181 4486 306 4567 tendat,
328 4509 395 4554 non
417 4489 533 4557 debera
554 4487 636 4554 adeo
658 4488 761 4554 videri
776 4488 956 4554 absurdum
975 4490 1060 4572 quod
1076 4489 1164 4554 mali*
1207 4489 1350 4555 ostendit
1372 4488 1515 4573 qualiter
1541 4507 1601 4554 nos
1622 4488 1684 4554 sibi
1712 4488 1837 4555 servire
1858 4488 1951 4570 velit,
1978 4487 2032 4572 pie
2057 4489 2184 4556 soiliast

182 4574 276 4642 bonis
298 4575 445 4658 permisti
467 4577 549 4641 sint:
580 4573 665 4659 qnod
691 4575 864 4658 prseaipue
891 4576 930 4640 fit
951 4576 986 4639 in
1008 4575 1155 4642 eoelesia.
1206 4593 1244 4642 aa
1265 4585 1380 4641 senate
1401 4573 1551 4642 vivendo.

267 4660 321 4727 21.
350 4657 388 4726 Si
409 4660 481 4743 quis
502 4681 572 4746 erpo
593 4661 819 4746 mpurpauerit
864 4659 902 4726 Si
925 4658 1053 4744 reprobi
1076 4681 1155 4727 vasa

181 4749 316 4814 suntin
346 4747 586 4826 aontumeliem,
614 4767 686 4812 eum
713 4748 806 4812 inse
834 4746 993 4812 inolusam
1022 4745 1156 4830 habent,
1292 4745 1344 4812 22.
1374 4745 1534 4813 quentius
1564 4745 1751 4829 utpiditutee
1778 4745 1864 4830 supe.
1912 4743 2046 4829 &qam
2078 4749 2184 4812 ares

182 4832 313 4900 domum
341 4843 451 4898 tamen
478 4853 543 4898 non
567 4832 764 4898 deformant:
796 4851 856 4897 nso
884 4832 1022 4899 dedeaus
1050 4833 1153 4899 ullum
1206 4833 1373 4916 modium,
1399 4833 1504 4916 fidon,
1531 4831 1732 4915 dilectiones»,
1748 4851 1860 4915 putem
1879 4850 1949 4899 eum
1970 4830 2115 4898 numidae
2133 4829 2184 4897 itt·

181 4919 322 4986 afferunt
348 4918 587 5002 patrifamilias,
616 4921 670 5002 qui
699 4919 734 4983 in
762 4919 920 4985 verietate
945 4918 1156 5002 supelleetilis
1205 4917 1385 4984 amnibus
1399 4917 1573 4986 Βοιιὸιιιιι
1592 4938 1632 4984 ιι
1650 4937 1731 5000 puro
1751 4917 1850 4984 eorde.
1893 4916 1945 4984 23.
1968 4915 2089 4985 matos
2109 4935 2184 4983 aare

180 5003 1156 5173 tumnultulttittmulttitt‘t‘tuttltt
1190 5005 1441 5175 {titttlt
1456 5003 2184 5175 lbii‘iiiamui'iwffiss

181 5174 330 5242 meliores
353 5196 431 5242 neus
452 5197 512 5243 noa
534 5185 656 5260 aptare.
690 5174 775 5241 Nam
793 5177 827 5241 in
842 5174 998 5259 reprobis,
1020 5174 1156 5259 perinde
1192 5177 1322 5261 'ptores
1348 5177 1403 5244 aad
1424 5177 1591 5259 enatam
1615 5193 1683 5242 este
1701 5194 1775 5262 erpu
1795 5194 1909 5255 mmet,
1924 5193 2119 5261 pronaum
2138 5171 2184 5242 ad
