4762 6016
185 394 250 462 163
726 391 871 460 erist.
894 391 1036 458 PAULI
1059 390 1124 458 AD
1147 389 1622 460 tflnssshottlottrtsss
1646 391 1663 457 1
2129 392 2195 458 164

197 632 200 641 ·
274 592 306 658 9.
328 590 380 656 De
398 589 541 672 (moino
561 592 672 654 osum.
717 586 829 668 Quum
867 587 957 671 prius
990 586 1163 671 magnifice
1216 585 1364 670 singulos
1387 606 1485 670 agere
1507 606 1594 667 sues,
1615 597 1652 652 nt
1674 585 1736 651 eibi
1759 585 1896 669 quisque
1918 604 2066 652 seorsum
2088 586 2191 668 rivet,

184 676 342 747 extulerit
364 695 477 742 eorum
500 675 685 741 natitatem:
709 693 797 739 nunc
816 671 1025 756 occupatione
1048 674 1161 749 utitur,
1214 672 1334 738 emises
1355 671 1493 737 aliorum
1516 691 1612 738 cura:
1635 672 1692 737 sed
1715 680 1843 738 tentum
1866 671 2004 738 otiosam
2022 670 2191 740 levitatem

186 764 309 845 dicens,
332 760 419 827 Nou
443 781 545 844 opus
564 758 736 825 hebetis
759 768 805 824 ut
826 758 1012 825 scribam
1030 757 1161 823 vobis.
1214 758 1377 841 corrigere
1404 755 1487 838 vult,
1515 776 1601 840 quse
1630 757 1847 824 tumultuosos
1876 758 1911 822 iu
1941 757 2107 840 publicum
2128 756 2192 824 ho-

185 848 310 915 Reddit
344 865 495 922 censam,
524 845 621 929 quia
651 844 858 910 divinitus
888 842 1028 911 edocti
1057 843 1160 909 siut:
1214 843 1321 908 mines
1353 841 1471 926 reddit,
1499 843 1556 926 qui
1586 840 1673 909 domi
1695 842 1842 909 sedatam
1870 843 1975 909 vitem
2003 862 2102 929 egere
2136 843 2193 911 ds·

187 954 252 1018 quo
275 932 440 1018 significat
460 930 658 1013 insculptum
681 951 752 996 sess
773 949 886 996 eorum
909 929 1060 995 cordibus
1079 929 1161 994 cari·
1214 926 1343 996 bebent.

186 1028 298 1102 tatem,
321 1030 359 1085 ut
375 1036 598 1101 supervacuae
614 1016 681 1082 sint
698 1016 811 1081 literae
827 1017 863 1080 in
879 1014 995 1080 charta
1011 1016 1162 1098 scriptae.
1301 1012 1464 1080 Loborstis
1492 1013 1647 1081 matun
1692 1012 1904 1080 Manduriam
1934 1014 2078 1080 leborem
2109 1014 2192 1082 dne·

188 1105 298 1188 Neque
331 1105 415 1169 euim
443 1107 564 1168 tontum
591 1101 734 1186 intelligit
761 1103 843 1184 quod
865 1099 1023 1166 Iohannes
1043 1102 1081 1167 io
1100 1120 1163 1166 sco
1215 1100 1276 1165 bus
1310 1099 1350 1165 de
1383 1100 1489 1165 causis
1521 1101 1746 1166 commendet:
1778 1113 1813 1164 nt
1851 1099 1911 1165 sibi
1948 1098 2115 1166 sufficiant
2147 1100 2193 1167 sd

186 1191 336 1258 concuico
360 1191 408 1271 (2,
423 1192 495 1270 27,
524 1185 631 1254 Uootio
652 1184 769 1253 docebit
789 1206 857 1253 coe:
875 1187 930 1252 scd
945 1186 1084 1268 immoto
1098 1205 1164 1252 esse
1216 1184 1421 1250 tolerandum
1461 1187 1581 1262 vitam,
1626 1198 1659 1250 et
1694 1185 1830 1250 honeste
1867 1205 1902 1250 se
1938 1197 2056 1270 gerent
2091 1187 2193 1252 etiem

186 1280 294 1343 mrum
315 1275 409 1341 cordo
493 1273 665 1355 scribam,
686 1278 722 1338 ut
743 1277 897 1355 appareat
912 1272 1164 1355 opimiumsouc·
1215 1290 1326 1336 corum
1360 1268 1559 1337 infidelibus.
1613 1270 1706 1338 Nihil
1739 1270 1827 1336 enim
1862 1272 1991 1355 turpius
2024 1272 2126 1337 inerti
2154 1290 2194 1337 en

185 1367 253 1428 tom
281 1362 369 1427 intes
395 1359 515 1425 stidore
535 1377 605 1424 cem
626 1359 732 1440 effeto
751 1358 829 1439 quid
850 1358 1006 1441 cumdum
1037 1357 1096 1438 sit,
1128 1363 1164 1423 ut
1215 1355 1312 1421 nihili
1334 1354 1477 1434 homine,
1506 1356 1562 1440 qni
1589 1373 1649 1423 nec
1671 1356 1734 1422 sibi
1755 1375 1815 1422 nec
1836 1355 1910 1421 eliis
1941 1355 2031 1422 utilis
2061 1368 2193 1424 tantum

186 1448 306 1530 scripto
326 1445 512 1528 precepero
542 1463 604 1510 uon
631 1444 674 1508 sit
694 1463 783 1526 opes.
827 1442 969 1509 Subiioit
991 1462 1164 1527 ergumeu·
1216 1440 1257 1507 ed
1289 1440 1451 1507 edendum
1482 1453 1516 1506 et
1548 1441 1724 1509 bibendum
1757 1451 1855 1510 uatus
1888 1441 2028 1509 videtur.
2085 1443 2192 1510 Porro

186 1543 259 1599 tnm
280 1551 300 1598 e
321 1531 444 1598 maiore
466 1530 508 1596 ed
530 1530 655 1595 miuus:
684 1549 760 1595 uem
783 1549 884 1612 quum
907 1547 1021 1594 eorum
1044 1529 1163 1594 carites
1216 1526 1270 1592 bic
1290 1526 1382 1593 lebor
1404 1527 1456 1591 vel
1486 1528 1643 1612 operandi
1666 1528 1750 1593 ratio
1771 1527 1837 1594 lats
1859 1541 1966 1611 petet:
1994 1526 2081 1610 quod
2103 1529 2194 1597 enim

186 1639 246 1703 per
278 1625 382 1683 totam
411 1616 639 1681 Mecsdouiem
666 1634 701 1679 se
728 1613 907 1695 diffundat,
939 1612 1066 1697 colligit
1094 1632 1161 1678 uon
1215 1610 1256 1677 de
1278 1612 1427 1677 manibus
1450 1612 1605 1696 loquitur,
1626 1613 1662 1678 in
1684 1633 1722 1680 eo
1744 1623 1794 1680 est
1811 1613 2029 1694 synecdoche:
2051 1614 2110 1680 sed
2125 1635 2193 1682 uon

187 1725 259 1772 esse
288 1700 503 1769 dubitandum
534 1703 612 1783 quin
645 1700 708 1783 ipsi
738 1711 853 1766 mutuo
874 1700 961 1765 inter
982 1719 1019 1764 se
1040 1706 1161 1765 ament.
1216 1696 1351 1763 dubium
1378 1697 1457 1780 quin
1483 1719 1612 1764 omnem
1642 1698 1907 1766 exercitationem
1937 1699 2194 1783 comprehendet

188 1789 299 1872 Quare
339 1785 501 1872 perticula
535 1786 693 1851 etenim
727 1784 816 1851 velet
848 1785 927 1868 quin
960 1785 1075 1861 etism,
1111 1782 1161 1851 sel
1216 1783 1379 1850 hnmanae
1401 1785 1490 1850 vitae
1512 1786 1636 1851 utilem.

184 1876 270 1940 imo:
294 1871 438 1958 eugendi
459 1871 548 1936 enim
569 1890 667 1938 ceusu
689 1869 742 1956 (ut
762 1869 846 1956 dixi)
868 1891 942 1937 eam
963 1869 1097 1936 eddidit.

276 1957 526 2025 letiorem
553 1961 666 2023 osum.
712 1955 920 2040 Quamquam
943 1956 1023 2023 setis
1044 1954 1161 2022 volun·
1303 1952 1354 2018 13.
1378 1953 1458 2021 Noto
1479 1959 1584 2022 cutm
1604 1976 1661 2024 uos
1681 1957 1840 2040 igstorcre,
1861 1956 1988 2041 tratres
2009 1956 2048 2024 ds
2072 1958 2117 2023 iis
2137 1959 2194 2042 qai

185 2045 290 2111 turios
320 2064 391 2110 esee
423 2047 562 2108 testetur
583 2043 624 2108 sd
646 2044 758 2108 omnia
779 2042 925 2108 caritatis
945 2041 1067 2108 officie:
1097 2061 1161 2106 non
1215 2038 1453 2118 obdormierat
1475 2047 1511 2106 st
1531 2062 1570 2108 se
1591 2042 1826 2123 contristemini,
1847 2043 1929 2109 most
1949 2047 1977 2108 et
1997 2045 2111 2110 cederi
2136 2045 2193 2128 qui

187 2139 298 2196 tamen
329 2128 450 2195 desinit
475 2128 602 2194 hortari
632 2137 671 2193 ut
699 2128 888 2211 proficiant:
917 2128 993 2212 quia
1019 2126 1102 2193 nihil
1128 2126 1162 2192 in
1216 2145 1302 2209 speon
1322 2145 1384 2191 non
1405 2126 1522 2194 bobert.
1570 2128 1619 2194 14.
1644 2128 1732 2195 Nom
1752 2129 1784 2194 si
1812 2128 1968 2194 credimus
1995 2128 2078 2212 quod
2100 2128 2193 2198 Iesus

187 2215 376 2283 homiuibus
405 2214 595 2299 perlectum.
640 2212 685 2279 Et
713 2224 802 2279 certe
829 2213 916 2295 quod
944 2213 1104 2279 utimum
1128 2213 1162 2276 in
1215 2216 1356 2277 mortuus
1376 2218 1422 2279 eet
1449 2218 1478 2278 et
1507 2215 1701 2280 immersit:
1728 2215 1775 2280 ito
1796 2218 1825 2279 et
1846 2212 1935 2280 Dese
1962 2234 2022 2298 eos,
2044 2217 2101 2297 qui
2122 2215 2190 2282 dor·

188 2300 284 2368 nobie
313 2310 458 2383 apparet,
488 2297 669 2383 optendnm
696 2307 746 2364 est
775 2307 812 2364 ut
837 2298 882 2363 sit
911 2234 1036 2364 melius.
1081 2296 1162 2363 Ver·
1215 2297 1350 2362 monost
1365 2319 1427 2383 per
1450 2298 1618 2379 Christum
1640 2299 1772 2367 occos
1791 2320 1861 2367 cum
1882 2320 1925 2367 eo.

189 2387 268 2452 bum
291 2383 526 2471 φιλοτιμεῖσθαι
553 2383 612 2450 elii
640 2383 851 2467 sequentibus
879 2384 1097 2468 coniungunt,
1126 2403 1164 2450 uc
1232 2407 1237 2414 ’

186 2472 369 2538 siiuberet
397 2490 454 2538 eos
476 2471 558 2536 eniti
581 2467 622 2534 ud
642 2468 809 2537 colendam
833 2470 991 2552 quietem:
1025 2467 1082 2536 sed
1105 2488 1162 2551 ep·
1303 2466 1354 2533 13.
1373 2469 1457 2536 Nolo
1483 2475 1587 2537 ostem
1618 2490 1681 2538 cos.
1725 2471 1799 2537 Non
1829 2483 1878 2537 est
1900 2472 2076 2539 verisimile
2097 2492 2189 2558 spem

187 2558 254 2624 tius
285 2578 360 2624 cnm
387 2557 496 2640 priore
525 2554 625 2621 verbo
650 2555 812 2622 cohaeret.
862 2554 1042 2637 Postqnem
1075 2555 1163 2620 enim
1215 2556 1463 2621 resurrectionis
1496 2555 1690 2623 convulsam
1718 2557 1820 2623 tuisse
1855 2557 1942 2623 eud
1980 2557 2189 2623 Thessaloni·

187 2642 356 2709 admonuit
385 2651 422 2707 ut
451 2653 599 2706 crescant
626 2641 660 2706 in
689 2641 842 2725 caritate,
874 2652 1022 2707 sanctam
1052 2660 1163 2706 asmu·
1215 2660 1329 2706 oeuees
1344 2641 1734 2724 eprolanisbominibus:
1749 2580 2023 2726 quemadmodum
2035 2642 2188 2710 Corinthi

188 2727 344 2795 lationem
366 2726 432 2792 illis
454 2724 672 2809 commendet,
694 2733 732 2792 ut
754 2737 868 2793 mutuo
890 2727 978 2792 iuter
999 2746 1034 2792 se
1051 2745 1163 2790 amore
1215 2725 1339 2791 iactum
1362 2727 1479 2792 tuerat.
1523 2727 1681 2795 Videmus
1704 2729 1793 2795 enim
1810 2738 1848 2795 ut
1864 2728 2053 2796 Ocriuthios
2074 2749 2189 2795 severs

187 2822 332 2880 uertente
357 2811 408 2879 vel
429 2825 517 2878 certe
539 2812 697 2896 praecipit
718 2821 755 2877 nt
776 2813 917 2896 seipsum
940 2811 1163 2895 unusquisque
1215 2812 1368 2894 castiget:
1403 2813 1456 2877 hic
1484 2824 1597 2879 autem
1625 2824 1783 2898 tunquam
1811 2813 1852 2880 de
1874 2835 1910 2879 ro
1932 2835 1997 2880 nou
2021 2815 2121 2880 dubia
2143 2815 2188 2880 lo·

188 2900 321 2966 vincere
349 2898 540 2966 contendat:
570 2907 666 2978 atque
695 2897 756 2964 boc
785 2898 944 2982 posteriue
967 2897 1071 2981 magis
1094 2916 1160 2961 am·
1215 2897 1335 2979 quitur.
1390 2898 1480 2964 Fieri
1517 2908 1628 2965 temen
1662 2910 1768 2985 potest
1803 2909 1841 2966 ut
1873 2922 1940 2965 non
1974 2900 2055 2967 satis
2087 2901 2189 2966 infixe

187 2984 321 3070 plector.
358 2984 448 3068 Ergo
471 2991 507 3048 ut
529 2983 670 3066 perfecte
690 2982 734 3048 sit
751 3003 863 3050 eorum
879 2983 1008 3064 cerites,
1029 2993 1161 3048 conten·
1215 3001 1329 3046 eorum
1358 2984 1477 3049 snimis
1498 2985 1600 3051 tuerit
1621 2986 1702 3053 bueo
1723 2985 1907 3069 persuasio:
1938 2996 2035 3069 atque
2056 2985 2132 3052 ideo
2152 2986 2186 3052 iu

189 3072 313 3137 tionem
335 3070 370 3135 in
392 3069 459 3135 illis
482 3068 630 3152 requirit,
660 3067 765 3151 qualis
788 3089 857 3133 esee
884 3070 917 3134 in
940 3069 979 3134 iis
1002 3068 1085 3134 solet
1106 3066 1162 3150 qui
1214 3067 1364 3151 lugendis
1400 3071 1539 3135 mortuis
1575 3069 1698 3154 sliquid
1735 3092 1775 3137 ex
1814 3082 1924 3137 vetere
1956 3072 2187 3154 superstitione

189 3155 230 3223 ed
264 3156 433 3222 victoriem
469 3154 585 3238 cupide
618 3153 772 3237 aspirant.
826 3154 919 3220 Haec
955 3155 1076 3237 optima
1112 3162 1162 3219 est
1213 3154 1417 3220 retinuerint
1454 3155 1547 3222 Haec
1564 3158 1652 3222 euim
1675 3163 1725 3224 est
1743 3177 1881 3234 summa,
1904 3176 1969 3223 uou
1986 3178 2057 3222 esse
2073 3156 2186 3242 lugou-

188 3242 371 3320 aemuletio,
401 3261 501 3324 quum
530 3239 650 3323 singuli
680 3239 910 3306 benefaciendo
932 3241 1053 3323 seipsos
1087 3238 1159 3303 vin·
1213 3238 1272 3303 dos
1294 3241 1381 3305 ultre
1403 3241 1536 3306 modum
1558 3255 1715 3327 mortuos,
1744 3244 1943 3325 quissimus
1965 3263 2080 3308 omnes
2102 3243 2186 3310 exci-

189 3347 263 3393 oere
283 3331 453 3393 conantur.
488 3323 553 3392 Oro
568 3345 674 3391 sortem
695 3326 861 3391 smteutios
881 3345 943 3391 nort
958 3324 1161 3407 subscribam,
1213 3324 1313 3389 tandi.
1357 3326 1560 3394 Uudeenim
1584 3329 1678 3394 litut
1701 3327 1827 3394 nullum
1850 3330 1949 3394 finem
1972 3348 2033 3395 uec
2055 3328 2186 3395 modum

188 3410 1161 3581 ...ι
1214 3411 1555 3582 eructum
1575 3412 2002 3584 ιιιιιι
2023 3415 2188 3568 ιιι

737 3546 746 3577 t
1852 3550 1861 3580 l

188 3582 303 3649 subest
329 3582 366 3650 irs
393 3603 428 3650 re
455 3583 563 3649 mines
588 3581 716 3664 difficili
745 3586 810 3648 tom
837 3582 975 3648 ordeum
994 3588 1162 3649 certamen:
1215 3583 1300 3649 tione
1322 3584 1425 3650 edocti
1447 3606 1571 3666 snmus,
1600 3587 1731 3651 nonnisi
1763 3585 1928 3651 moderate
1949 3586 2064 3670 lugere
2088 3587 2187 3655 decet

182 3669 271 3752 qaod
296 3669 341 3736 ed
363 3669 538 3751 profectum
564 3668 708 3734 cordotis
736 3668 847 3752 optimo
866 3670 1017 3752 couqmit,
1044 3667 1099 3734 ott
1119 3672 1163 3733 tot
1214 3671 1334 3736 Postea
1363 3671 1402 3735 de
1431 3671 1526 3737 modo
1555 3672 1805 3738 resurrectionis
1835 3670 1988 3737 disseret:
2020 3683 2189 3755 presteree

185 3754 344 3822 &atomio
371 3756 582 3839 tetigerunt.
637 3753 748 3836 Neque
772 3755 868 3819 diam
895 3754 1038 3836 displicet
1063 3753 1163 3820 attero
1215 3756 1337 3838 aliquid
1361 3757 1502 3842 attinget
1524 3756 1565 3822 de
1587 3756 1794 3841 temporibus.
1840 3755 1906 3824 Sed
1936 3757 1998 3824 hoc
2027 3758 2098 3824 loco
2120 3769 2190 3824 tau·

187 3840 272 3908 verti
291 3840 491 3925 mortificatio,
513 3845 549 3905 ut
568 3839 632 3905 siut
651 3839 687 3905 irs
707 3859 864 3906 comtum
884 3840 1037 3906 liberates.
1216 3851 1284 3908 tum
1314 3841 1465 3909 cohibere
1493 3843 1629 3909 nimium
1659 3863 1836 3908 moerorem
1866 3843 1984 3924 voluit,
2017 3844 2074 3928 qui
2104 3865 2188 3910 nun·

278 3926 327 3990 11.
351 3924 471 3993 (lutatis
498 3926 638 4008 quietem.
690 3924 760 3991 lam
791 3924 859 3990 dixi
888 3926 950 3992 hoc
978 3926 1162 3991 membrum
1215 3949 1311 4012 quam
1333 3928 1380 3995 ita
1402 3928 1488 4012 spud
1511 3949 1565 3994 eos
1591 3933 1769 4013 regnasset,
1797 3930 1825 3995 si
1849 3929 2008 4012 viguisset
2033 3931 2120 3997 serie
2141 3949 2188 3996 re·

188 4010 407 4097 separendum
437 4032 508 4077 esee
530 4033 551 4077 a
572 4008 751 4094 prioribus:
779 4031 858 4077 nam
880 4010 959 4077 haec
981 4032 1067 4078 nova
1088 4033 1161 4078 sen·
1215 4015 1427 4082 surrectionis
1442 4015 1638 4099 cogitetioet
1653 4015 1818 4080 memoria.
1847 4013 1922 4079 Nou
1933 4024 2044 4081 autem
2056 4036 2187 4099 prorsus

189 4099 294 4164 tentia
315 4105 375 4163 est.
414 4095 588 4177 Quiescsre
610 4099 720 4162 eutem
742 4095 803 4164 hoc
824 4095 894 4163 loco
913 4096 1075 4181 significet
1096 4098 1162 4182 ple·
1215 4101 1327 4185 lugere
1349 4110 1449 4179 vetet,
1480 4100 1536 4166 sed
1563 4098 1818 4166 moderationem
1847 4100 1984 4184 requirit
2012 4101 2046 4166 iu
2078 4101 2187 4169 luctu:

189 4183 262 4250 cide
292 4192 325 4248 st
353 4184 424 4248 sine
456 4182 597 4248 tumultu
620 4202 735 4265 agere:
766 4181 1039 4266 quemadmodum
1062 4185 1161 4250 etiam
1215 4185 1293 4253 dicit
1303 4186 1401 4263 euim,
1417 4199 1458 4252 ut
1475 4207 1523 4252 ue
1540 4186 1854 4252 contristemini
1877 4185 1985 4253 siout
2007 4186 2097 4266 alii,
2120 4189 2188 4271 qui

188 4268 307 4354 gallice
335 4268 509 4350 loquimur,
541 4289 638 4335 snus
668 4267 793 4336 bruit.
836 4268 878 4335 In
906 4288 1046 4353 summe,
1074 4268 1163 4336 iubet
1215 4292 1329 4355 spem
1351 4293 1430 4337 nou
1453 4271 1622 4338 hebent
1666 4271 1760 4338 More
1782 4271 1965 4337 infidelium
1987 4293 2041 4339 eos
2064 4273 2188 4340 tristsri

191 4374 246 4420 eos
274 4365 403 4437 paostoe
432 4374 503 4420 esse
525 4365 558 4421 et
586 4353 796 4438 tranquillos:
825 4353 889 4422 huc
910 4354 1052 4438 pertinet
1074 4354 1162 4440 quod
1215 4365 1319 4438 vetet,
1340 4358 1397 4440 qui
1416 4357 1531 4424 bueus
1546 4356 1650 4424 dolori
1667 4356 1799 4423 laxent:
1821 4357 1897 4441 quie
1912 4368 2049 4424 mortem
2065 4358 2188 4426 habent

190 4439 344 4506 continuo
366 4449 439 4524 post
461 4439 620 4524 ediungit,
650 4453 691 4507 et
719 4440 860 4525 egetis
888 4461 956 4506 res
986 4451 1161 4507 vestras.
1215 4463 1274 4526 pro
1295 4441 1411 4508 ultimo
1439 4444 1586 4521 interitu,
1618 4454 1651 4510 et
1677 4446 1784 4526 perire
1813 4443 2003 4510 existiment
2030 4443 2187 4528 quidquid

188 4523 315 4589 Videre
336 4528 423 4591 enim
447 4536 496 4592 cst
523 4546 589 4610 eos,
618 4527 673 4610 qui
704 4547 740 4593 ss
761 4526 797 4590 in
820 4526 926 4593 eliens
946 4526 1079 4610 negotia
1099 4526 1161 4593 im·
1215 4527 1376 4594 emuudo
1393 4528 1526 4598 tollitur.
1565 4527 1676 4610 Quum
1699 4537 1808 4594 entem
1828 4531 1934 4597 scient
1955 4527 2068 4597 fidelos
2090 4552 2126 4597 se
2147 4552 2187 4597 ex

188 4619 329 4697 portuue
361 4611 530 4696 ingerunt,
565 4611 702 4679 multum
734 4611 939 4691 tumultuari,
972 4612 1098 4696 sibique
1130 4622 1164 4679 et
1216 4613 1338 4681 mundo
1359 4614 1511 4700 migrare,
1539 4624 1577 4681 ut
1602 4612 1734 4679 tandem
1763 4614 1962 4700 colligentur
1989 4614 2024 4682 in
2049 4637 2187 4702 reguum

188 4697 264 4765 eliis
287 4695 440 4764 molestos
461 4719 542 4765 esse.
583 4698 676 4766 Heoc
702 4698 802 4781 igitur
821 4698 944 4781 optime
969 4697 1164 4782 tranquillae
1215 4699 1289 4778 Dei,
1321 4700 1462 4767 similem
1493 4700 1628 4786 lugendi
1657 4716 1787 4764 causam
1819 4722 1885 4766 non
1915 4701 2054 4768 hebent:
2089 4721 2188 4786 quere

189 4784 281 4851 vitae
310 4784 405 4862 ratio,
432 4783 511 4849 dum
541 4785 763 4868 unusquisque
791 4784 970 4851 vocationis
992 4805 1070 4850 suae
1091 4784 1162 4850 otfi·
1217 4785 1338 4852 doloris
1374 4795 1668 4871 temperamentum
1705 4805 1776 4851 esse
1812 4785 1909 4853 debet
1944 4789 2189 4856 resurrectionis

186 4871 249 4937 ciis
271 4869 428 4946 intentus,
457 4873 648 4954 exsequitur
676 4890 760 4955 qnae
782 4869 843 4936 sibi
866 4893 885 4938 a
907 4869 1049 4936 Domino
1070 4890 1163 4936 men·
1216 4871 1367 4957 cognitio.
1400 4871 1614 4938 Dormientes
1628 4878 1723 4936 vocet
1738 4878 1891 4952 mortuos,
1910 4874 2076 4940 communi
2089 4873 2190 4959 scrip·

190 4953 268 5021 deta
297 4966 383 5035 snut,
405 4964 439 5021 et
460 4955 496 5021 in
518 4956 557 5023 iis
579 4976 614 5023 se
636 4965 786 5041 occupat:
809 4958 887 5022 dum
910 4956 1050 5041 agricole
1070 4976 1106 5021 se
1128 4956 1164 5021 in
1217 4968 1311 5024 tures
1332 4977 1432 5039 more,
1462 4977 1525 5042 qno
1553 4956 1655 5022 verbo
1685 4958 1797 5024 mortis
1818 4959 1977 5025 acerbitas
2002 4959 2187 5046 mitigetur:

191 5041 343 5121 operibns
365 5040 495 5106 rusticis
517 5054 657 5124 exercet,
678 5044 786 5127 opitex
802 5050 904 5108 artem
921 5062 1014 5108 suem
1030 5051 1164 5107 tractet:
1216 5044 1355 5110 multum
1377 5042 1465 5110 enim
1481 5043 1590 5109 differt
1613 5043 1654 5108 sb
1668 5041 1803 5108 interitu
1821 5044 1977 5112 dormitio.
2013 5043 2189 5113 Caeterum

191 5136 289 5206 etque
319 5127 365 5191 ite
394 5126 514 5211 singuli
545 5128 633 5193 intre
654 5129 805 5213 proprios
825 5128 907 5194 finos
929 5149 977 5193 so
985 5127 1163 5194 continent.
1217 5150 1282 5196 non
1305 5129 1346 5197 ed
1367 5129 1521 5207 enimam,
1543 5127 1600 5193 sed
1619 5148 1735 5211 corpus
1756 5129 1913 5195 retertur:
1937 5131 2020 5199 iacet
2041 5130 2132 5199 enim
2152 5130 2188 5196 in

189 5207 398 5292 Simulatque
427 5211 505 5277 hino
528 5211 709 5278 deflectunt
733 5213 892 5294 homines,
914 5213 1020 5278 omnis
1042 5214 1162 5279 incom·
1216 5215 1365 5299 sepulcro
1393 5212 1543 5298 cadaver,
1577 5215 1669 5297 qussi
1697 5213 1734 5280 in
1763 5214 1856 5301 lecto,
1890 5215 1992 5282 donec
2023 5214 2188 5285 bominem

186 5292 296 5380 posita
326 5309 402 5359 sunt
432 5317 469 5363 ac
498 5297 695 5362 turbulenta.
741 5298 915 5364 (lectorum
939 5318 1004 5362 nou
1026 5299 1071 5362 its
1093 5299 1164 5365 vult
1216 5298 1308 5367 Dens
1329 5299 1458 5367 excitet.
1502 5298 1618 5382 Iteque
1647 5299 1820 5385 desipiunt,
1850 5301 1906 5384 qui
1927 5299 2005 5368 inde
2031 5301 2189 5390 colligunt
