4740 6016
178 235 243 302 443
990 235 1361 304 COMMENTARIUS
2111 234 2187 299 444

174 452 246 516 per
264 429 311 496 oet
325 448 394 495 oum
405 428 515 512 priore
531 428 671 503 membro,
689 427 736 493 oet
748 448 818 495 cum
831 429 969 510 sequenti
982 427 1149 495 cohaereat.
1202 435 1308 495 uatum
1327 431 1416 497 modo
1432 431 1587 514 pontium
1605 429 1728 514 profert
1741 428 1912 511 apostolus,
1933 430 1989 494 sed
2002 429 2178 511 commum

178 517 283 585 Potest
309 515 393 580 enim
418 512 469 580 hio
496 533 606 579 sensus
634 513 713 590 elici,
741 515 859 595 quoties
881 534 943 595 pro
970 513 1152 580 Philemone
1201 516 1302 597 fuisse
1330 515 1467 596 haaahs,
1493 517 1574 598 quod
1595 515 1773 581 humaniter
1798 514 1973 598 otbenipne
1988 514 2059 595 piis
2079 514 2176 581 homi·

172 621 282 687 precm
302 601 469 682 conciperet
489 598 657 678 apostotus,
682 600 862 681 pratiururn
888 600 1036 665 actionem
1056 601 1096 664 oh
1118 621 1152 665 eo
1202 601 1295 666 nibus
1315 602 1485 684 opitulatus
1505 605 1585 667 esset
1607 601 1778 666 Philemon.
1825 599 2075 681 Retooihhare
2095 602 2176 666 ois-

178 689 279 770 fuisse
299 687 459 766 insertam,
489 685 568 766 quio
595 683 711 749 scilicet
731 684 845 768 poudii
871 686 1037 750 materiam
1059 705 1152 767 prae
1203 705 1293 751 cero
1321 688 1474 767 accipitur
1502 688 1589 769 opud
1627 686 1765 752 Pontum
1788 706 1849 768 pro
1874 686 1970 767 offere
1996 686 2178 751 levationem

179 772 265 839 habat
284 771 353 836 eins
370 770 483 854 pietas.
527 768 700 835 Precamur
726 770 808 835 enim
834 790 927 853 saepe
943 791 1005 852 pro
1028 771 1151 852 quihus
1203 793 1225 836 a
1246 772 1412 838 molestiis:
1432 773 1478 837 oct
1499 773 1624 838 miseris
1644 773 1691 837 ita
1706 791 1894 852 sucurrere,
1918 777 1953 835 ut
1961 772 2089 853 pacatis
2105 773 2177 836 ani·

179 860 254 925 dam
275 857 312 921 in
333 855 447 939 putheas
469 854 549 920 nihil
569 855 726 936 reperitur
747 856 812 920 nisi
833 856 936 921 dolore
957 861 984 921 et
1004 856 1153 939 lacrymis
1203 858 1267 922 mis
1295 863 1322 923 et
1352 859 1438 922 omni
1465 858 1606 924 mdestio
1635 877 1672 923 ac
1700 858 1831 922 tristitia
1870 857 1979 922 uacuis
2007 857 2178 937 quiescam.

179 944 317 1027 dipuum.
373 942 569 1023 Qrmumuom
598 941 695 1006 attero
721 941 876 1006 distinctio
903 943 1006 1025 mopis
1034 947 1153 1023 recepta
1206 942 1293 1007 Nam
1314 945 1432 1009 uiscera
1453 945 1579 1025 affectes
1599 943 1786 1026 sipnificant,
1817 941 1994 1018 ἀνάπαυσις
2015 962 2087 1008 uero
2107 947 2178 1007 tun·

179 1036 234 1110 est,
267 1026 404 1094 Pouhem
422 1027 545 1110 pratias
566 1045 656 1110 apere
676 1047 739 1108 pro
762 1024 952 1109 Philemone,
981 1032 1009 1092 ot
1035 1047 1153 1108 semper
1204 1030 1330 1093 tundam
1351 1030 1432 1095 colet
1451 1048 1489 1093 ac
1507 1030 1738 1112 tranquillitos:
1758 1029 1828 1094 tou
1844 1027 1930 1110 tonpe
1945 1027 2105 1109 falluntur
2121 1030 2179 1110 gui

180 1117 251 1182 ciue
274 1114 456 1179 mutturwm
483 1112 586 1193 facere
614 1113 649 1175 in
672 1111 829 1192 precihus.
872 1112 988 1178 Libera
1013 1133 1084 1195 erpo
1112 1114 1154 1179 sit
1204 1114 1248 1178 od
1266 1119 1404 1180 ventrem
1424 1119 1453 1178 et
1473 1115 1621 1181 alimenta
1641 1114 1697 1180 hoo
1717 1117 1865 1197 torperent.

181 1201 265 1282 optio
293 1197 470 1265 tectoribus:
497 1197 552 1263 sed
582 1195 661 1261 mihi
683 1198 778 1278 prior
805 1217 916 1263 sensus
943 1199 1056 1263 mains
1082 1217 1151 1264 oon·

177 1305 288 1372 pruero
306 1285 438 1349 uidetur.
484 1283 525 1347 In
546 1283 665 1365 reliquo
685 1287 823 1347 cmteetu
844 1287 890 1347 est
909 1283 1032 1348 ordinis
1052 1284 1152 1348 inom-
1290 1285 1320 1350 8.
1348 1284 1543 1366 Quapropter
1556 1284 1688 1350 multam
1704 1285 1739 1350 in
1756 1283 1878 1350 Christo
1897 1284 2049 1364 fiduciam
2062 1283 2178 1350 hahens

178 1372 245 1437 sio:
272 1371 349 1452 quta
373 1371 539 1451 postquam
567 1369 606 1434 de
632 1369 761 1433 amau
789 1373 817 1431 et
836 1367 899 1447 tce
926 1369 1071 1450 ἰοᾳιιιιιιι
1100 1373 1152 1448 ost,
1204 1371 1382 1449 imperandi
1402 1369 1460 1435 tihi
1480 1371 1562 1452 quod
1578 1371 1675 1436 decet:
1706 1370 1737 1434 9.
1754 1374 1886 1452 propter
1899 1370 2060 1435 coritatern
2075 1372 2178 1454 mapis

178 1457 333 1539 odiunpit,
355 1473 448 1537 erpa
468 1452 679 1519 Christum
700 1458 736 1517 et
755 1458 926 1519 sanctos:
939 1474 1036 1536 quum
1047 1455 1153 1540 potius
1203 1474 1289 1536 ropo,
1311 1475 1408 1536 qutun
1429 1455 1503 1520 totis
1523 1456 1594 1533 mm,
1617 1476 1723 1537 nempe
1738 1454 1861 1519 Paulus
1883 1474 1991 1520 senen:
2011 1476 2094 1521 nuno
2107 1475 2179 1520 uero

179 1540 343 1607 antithesis
362 1539 538 1621 requireret,
567 1537 700 1604 secundo
729 1538 794 1604 hoco
817 1540 896 1621 poni
918 1538 1089 1623 Christum,
1116 1541 1152 1604 in
1203 1541 1297 1606 dmm
1324 1541 1444 1606 uinetis
1466 1541 1543 1607 Iesu
1566 1540 1693 1606 Christi.
1738 1541 1787 1607 10.
1818 1539 1904 1624 Repo
1933 1545 2034 1605 autem
2061 1546 2091 1606 te
2115 1559 2179 1620 pro

179 1646 268 1711 quem
287 1625 367 1706 fides
386 1629 497 1689 nostra
517 1623 651 1706 respicit.
1201 1624 1268 1706 filio
1292 1645 1369 1709 meo,
1402 1647 1492 1708 quem
1521 1628 1618 1711 penui
1652 1628 1687 1694 in
1722 1625 1857 1692 uinculis
1892 1627 1980 1707 meis,
2018 1625 2179 1692 Οιιιιίιιιοι

265 1712 296 1776 6.
333 1708 372 1777 Ut
394 1709 629 1775 connnunicatio
647 1708 732 1791 fidei.
775 1709 847 1776 Hoc
870 1729 947 1775 vero
969 1710 1151 1776 membrum
1206 1710 1256 1776 ll.
1285 1712 1341 1792 qui
1362 1712 1534 1794 aliqnando
1562 1710 1619 1777 tihi
1646 1712 1771 1777 inutilis
1797 1710 1879 1794 fuit:
1909 1730 1993 1777 nuno
2021 1717 2122 1778 autern
2150 1714 2179 1777 et

178 1795 331 1864 nonnihil
353 1795 527 1861 obscurum
549 1804 610 1860 est.
659 1792 726 1861 Sed
748 1796 888 1862 conabor
912 1796 959 1860 ita
980 1794 1151 1874 elucidare,
1203 1795 1283 1861 mihi
1303 1801 1332 1860 et
1351 1797 1408 1862 tihi
1428 1797 1528 1863 utilis.
1562 1796 1612 1862 12.
1637 1798 1734 1879 Quem
1754 1797 1881 1863 nunni.-
1902 1803 1935 1861 tu
1954 1817 2062 1862 oerum
2078 1797 2178 1872 muru,

177 1893 216 1950 nt
237 1889 381 1947 mentem
396 1879 492 1944 Pauli
513 1890 680 1963 utcunque
702 1888 835 1946 teneant
857 1880 1003 1946 lectores.
1040 1880 1152 1946 Primo
1203 1881 1260 1946 hoc
1279 1887 1324 1947 est
1343 1903 1413 1948 mea
1433 1884 1563 1960 cuono,
1592 1883 1724 1965 suscipe.
1769 1882 1822 1947 13.
1848 1881 1946 1963 Quem
1971 1902 2023 1966 epo
2043 1882 2180 1948 edebam

178 1966 346 2035 sciendum
367 1974 427 2042 est,
450 1986 514 2030 uon
536 1985 672 2049 pergere
693 1964 875 2050 apostolum
898 1967 932 2030 in
954 1966 1050 2034 laude
1072 1966 1151 2031 Phi·
1203 1967 1291 2048 opud
1311 1968 1465 2051 mapsam
1489 1969 1632 2052 retinere,
1660 1973 1696 2033 ut
1717 1989 1779 2051 pro
1806 1973 1836 2034 te
1864 1967 1947 2033 mihi
1974 1968 2179 2035 ministraret.

177 2053 333 2119 lemonia:
361 2050 418 2116 sed
444 2053 551 2133 potius
579 2051 762 2133 exprimere
791 2050 869 2135 quid
893 2052 942 2117 illi
968 2053 1151 2119 aDomino
1205 2052 1256 2119 14.
1281 2051 1344 2118 Sed
1372 2053 1486 2136 uosque
1513 2058 1570 2120 tua
1596 2055 1749 2120 sententio
1777 2053 1860 2120 nihrh
1887 2054 1972 2120 colui
2000 2055 2113 2137 fucere,
2144 2058 2180 2120 ut

178 2137 330 2224 postulet
367 2134 554 2202 Cohaerent
575 2137 662 2201 euim
686 2137 767 2203 haec
788 2136 890 2204 verba
909 2158 984 2204 cnm
1007 2159 1045 2204 eo
1067 2138 1150 2221 quod
1203 2159 1267 2224 non
1294 2139 1387 2220 puosi
1408 2140 1575 2206 secumdum
1601 2141 1810 2206 necessitatem
1837 2144 1915 2206 esset
1943 2139 2058 2205 honum
2078 2144 2177 2224 tuum

177 2224 271 2309 prius
289 2221 428 2297 dixerat,
450 2241 486 2287 se
501 2222 589 2288 illius
611 2243 683 2288 ιιιι
697 2243 874 2289 memorem
889 2225 924 2288 iu
940 2224 1151 2290 orationibus.
1202 2224 1257 2292 sod
1276 2225 1495 2291 uoluntarium.

179 2309 268 2391 Quid
291 2328 368 2393 ergo
386 2305 572 2373 Philemoni
590 2316 741 2390 precatus
762 2319 827 2374 est:
854 2318 893 2408 ιιι
912 2310 993 2409 fides
1015 2310 1096 2391 eins,
1117 2331 1151 2376 se
1508 2396 1515 2409 ι
1791 2396 1797 2410 ⁸

178 2415 334 2548 ttttt
355 2390 1151 2578 “tt‘ltttthttttttttt⁸ttttt
1205 2393 1862 2566 ....l;.l¹ltt’;..ttl.”l⁰ttttl3
1885 2394 2177 2548 rhitihthhi

179 2586 279 2651 quum
301 2565 390 2630 intus
413 2585 479 2630 non
501 2563 580 2630 latet
600 2573 713 2645 otiosa,
740 2566 797 2631 sed
819 2586 878 2649 per
900 2586 993 2633 veros
1016 2568 1152 2633 effectur
1205 2573 1243 2630 ut
1266 2565 1378 2630 malim
1400 2587 1525 2650 rogare.
1569 2567 1709 2633 Iubendi
1732 2589 1809 2633 vero
1838 2575 2033 2649 potestatem
2054 2564 2176 2648 duplici

179 2673 215 2719 ιι
237 2651 361 2735 profert
383 2649 424 2715 ad
446 2649 606 2716 homiues.
645 2651 789 2717 Tametsi
811 2660 920 2718 autem
942 2652 1024 2718 fides
1046 2652 1152 2719 occul·
1206 2652 1338 2716 nomine
1360 2651 1421 2716 sibi
1444 2653 1611 2719 vendicat:
1641 2655 1716 2736 quia
1737 2663 1770 2718 et
1798 2672 1924 2719 senex
1953 2651 2012 2718 sit
2041 2659 2075 2717 et
2102 2671 2176 2734 pro

178 2745 247 2803 tam
279 2739 314 2801 in
347 2735 444 2803 corde
472 2733 583 2802 sedem
614 2734 723 2817 babet,
755 2758 791 2802 se
823 2746 933 2803 ιιιιιιιι
966 2738 1153 2804 hominibus
1206 2737 1380 2803 Christo
1411 2739 1592 2805 vinctus.
1638 2738 1718 2805 Ideo
1747 2759 1783 2805 ιι
1811 2745 1944 2822 propter
1972 2735 2178 2803 Philemonis

178 2823 397 2892 communicat
441 2842 477 2886 er
498 2821 584 2887 bona
608 2842 716 2905 opera.
760 2823 850 2907 Ergo
872 2823 1006 2908 perinde
1036 2833 1085 2888 est
1115 2844 1154 2890 ec
1204 2823 1373 2889 ceritatem
1396 2823 1500 2907 magis
1529 2843 1645 2907 rogare
1667 2824 1754 2907 dicit,
1783 2825 1860 2907 quia
1888 2823 2091 2907 iniungimus
2120 2843 2178 2906 pro

179 2909 207 2976 si
234 2908 380 2986 dixisset,
444 2918 457 2972 t
484 2906 565 2973 fides
592 2915 651 2973 tua
677 2928 713 2975 ιι
740 2908 1020 2992 communicando,
1049 2908 1154 2975 effica-
1204 2908 1341 2991 imperio
1363 2927 1447 2991 quae
1465 2911 1658 2976 necessitate
1680 2921 1877 2993 extorquere
1895 2908 2057 2985 volumus,
2078 2909 2179 2975 etiam

53 3075 57 3082 Ι
179 2994 265 3064 ciem
296 3014 390 3061 snam
423 2995 456 3058 in
493 2993 583 3058 omni
618 2993 703 3060 bono
736 2993 948 3060 demonstret.
1001 2994 1154 3146 Cognitio
1205 2994 1245 3059 ab
1268 2992 1398 3059 invitis:
1428 2994 1514 3077 apud
1537 3015 1591 3061 eos
1614 3006 1723 3062 autem
1745 2997 1803 3078 qui
1824 2994 1911 3061 ultro
1932 3004 2058 3078 parent,
2087 2995 2179 3060 iussu

180 3087 292 3148 autem
320 3080 427 3146 omnis
456 3077 533 3144 boni
554 3100 613 3163 pro
638 3079 840 3163 experientia
867 3081 1005 3164 capitur.
1082 3088 1154 3163 ptat
1206 3098 1288 3163 opus
1316 3099 1383 3144 non
1417 3089 1475 3145 est.
1520 3080 1566 3146 nt
1596 3082 1674 3164 quia
1705 3080 1852 3147 libentius
1877 3080 1932 3162 qui
1958 3080 2042 3146 ultro
2066 3078 2180 3162 parati

179 3168 266 3233 enim
286 3174 324 3232 ιιι
344 3165 385 3232 ab
407 3165 533 3232 effectis
546 3164 629 3232 fides
650 3167 877 3250 comprobetur
892 3168 1018 3232 efficax.
1057 3165 1154 3247 Quod
1205 3168 1279 3230 stent
1305 3165 1348 3231 ad
1386 3164 1524 3247 officium
1549 3166 1675 3248 phrcide
1701 3165 1764 3232 sibi
1790 3167 1910 3233 ostendi
1937 3166 2071 3232 audiunt
2100 3162 2179 3248 quid

179 3251 228 3329 fit,
267 3252 345 3317 dum
377 3250 528 3317 homines
572 3249 767 3335 quibuscum
800 3272 972 3319 vereamur
1003 3252 1089 3336 piam
1122 3262 1155 3317 et
1205 3251 1292 3331 tactu
1313 3269 1393 3334 opus
1413 3250 1464 3336 sit,
1494 3271 1591 3333 quam
1611 3253 1742 3335 inperio
1761 3251 1957 3334 interposito:
1984 3271 2045 3316 non
2065 3251 2121 3315 ahs
2141 3269 2177 3316 rc

180 3343 330 3405 sanctam
366 3337 468 3403 vitam
505 3346 651 3403 nostram
687 3342 896 3423 cognoscunt.
953 3337 1032 3404 Ideo
1068 3336 1154 3418 dicit,
1206 3335 1330 3402 Paulus
1349 3336 1437 3418 apud
1456 3336 1611 3403 hominem
1624 3339 1815 3423 moripemrm
1831 3356 1940 3419 preces
1953 3335 2080 3417 adhibet,
2102 3353 2176 3400 suo-

181 3423 320 3488 omnis
349 3422 447 3490 boni
476 3423 585 3506 quod
614 3425 657 3489 in
685 3424 801 3490 vobis
827 3439 899 3489 est.
942 3422 1029 3489 Nam
1061 3423 1155 3506 quid·
1205 3442 1266 3504 que
1285 3422 1422 3503 exempto
1442 3422 1535 3502 docet,
1556 3423 1696 3489 Multam
1716 3443 1781 3488 esse
1803 3421 2123 3504 operompastoribns
2144 3422 2179 3486 nt

181 3507 262 3592 quid
294 3508 330 3572 in
362 3508 456 3574 nobie
483 3509 560 3575 boni
593 3519 652 3589 ιιι,
685 3508 783 3575 fidem
815 3518 959 3575 nostram
993 3509 1155 3590 patefacit.
1205 3506 1510 3587 chapharnaum
1537 3509 1681 3574 allinunt
1696 3508 1803 3590 potins
1832 3528 1929 3590 quom
1956 3506 2093 3573 trahant.
2137 3503 2182 3571 m

182 3593 350 3659 Perticule
371 3593 415 3672 εἰς
431 3591 581 3681 Χριστὸν,
603 3604 711 3679 potest
727 3594 858 3681 exponi,
880 3615 959 3679 erga
973 3593 1154 3661 Christum.
1205 3591 1315 3677 certe¹)
1344 3592 1420 3657 dum
1447 3592 1488 3658 ad
1517 3613 1630 3678 preces
1659 3593 1868 3678 descendeus,
1899 3593 1970 3658 iure
1997 3613 2057 3658 suo
2085 3590 2182 3670 cedit,

180 3679 253 3764 llgo
275 3689 396 3758 tamen,
419 3681 447 3747 ei
468 3682 573 3761 liceat,
596 3681 704 3746 malim
721 3681 868 3764 accipere
890 3677 1155 3766 protexerat.
1205 3676 1267 3744 hcc
1288 3678 1330 3743 ed
1351 3677 1594 3761 impetrandum
1615 3680 1719 3745 multo
1740 3679 1814 3763 plue
1842 3678 1931 3745 valet
1953 3697 2052 3763 quam
2081 3678 2110 3743 si
2132 3678 2181 3742 in·

180 3765 267 3832 Nam
289 3765 337 3833 sio
358 3767 394 3832 iu
416 3765 509 3833 uobis
536 3766 679 3832 resident
701 3766 767 3832 Dei
789 3767 884 3850 dona,
914 3775 1080 3832 attamen
1104 3786 1154 3832 eo-
1207 3763 1307 3829 beret.
1341 3764 1445 3830 Porro
1467 3763 1551 3829 nibil
1572 3765 1634 3832 sibi
1656 3775 1787 3850 arroget
1809 3765 1871 3830 nisi
1893 3764 1929 3830 in
1944 3763 2097 3831 Christo:
2118 3760 2181 3828 boc

177 3853 498 4005 Pheffhhllh
528 3852 1029 4021 Pithipihhlhthhhh
1042 3871 1156 4004 ihi
1207 3847 2182 4020 tlttttttttttrPtttttttittet.tt:

178 4042 283 4090 uereor
315 4042 352 4087 ne
383 4023 572 4106 loquutionis
603 4025 761 4107 asperitas
788 4024 930 4105 offendat.
979 4022 1093 4107 Itaque
1119 3985 1155 4088 iri
1207 4040 1326 4086 carere.
1371 4019 1438 4087 Sed
1460 4042 1561 4106 quum
1583 4021 1683 4107 addit,
1708 4022 1745 4087 rb
1767 4022 1899 4106 ἀνῆκον,
1928 4019 2091 4104 significet
2112 4037 2179 4084 non

179 4107 283 4175 uerbis
297 4107 378 4174 nihii
390 4114 513 4175 mutare
527 4131 628 4176 ouum
640 4128 725 4176 sum:
746 4115 867 4176 tantum
881 4110 1056 4175 admonitos
1071 4108 1156 4175 oohci
1207 4103 1335 4188 quidvis
1356 4106 1453 4173 licere
1481 4106 1676 4185 doctoribus,
1705 4108 1762 4174 sed
1788 4107 1840 4172 his
1869 4105 1991 4172 finibus
2017 4103 2181 4171 contineri

178 4193 311 4275 tonora,
333 4199 369 4260 ut
388 4194 532 4262 omnihus
552 4197 700 4278 caperuis
724 4195 840 4281 stipant
866 4200 972 4260 utrum
987 4194 1154 4278 plauserit.
1206 4191 1351 4274 ipeornm
1373 4200 1574 4275 potestatem,
1596 4213 1639 4259 ue
1661 4192 1737 4277 quid
1759 4192 1823 4259 nisi
1845 4191 1930 4275 quod
1952 4191 2055 4270 decet,
2081 4199 2181 4273 atque

266 4280 296 4348 7.
330 4280 480 4347 Gratiam
511 4280 668 4348 hahemus.
712 4281 859 4348 Tametsi
891 4279 977 4364 apud
1009 4280 1155 4347 Graecos
1207 4277 1327 4361 alioqui
1341 4280 1497 4362 cuiusque
1511 4278 1616 4346 officio
1631 4290 1884 4346 consentaneum
1895 4281 1953 4358 eet,
1968 4276 2182 4362 praecipiant.

178 4365 337 4450 receptior
359 4377 409 4434 ιιι
431 4367 512 4434 haec
533 4367 640 4434 lectio:
671 4367 868 4434 vertendum
891 4378 1001 4431 tamen
1027 4385 1154 4448 censeo,
1206 4361 1296 4429 Hinc
1328 4362 1381 4449 (ut
1413 4384 1518 4447 nuper
1551 4363 1633 4449 dixi)
1666 4364 1885 4430 admonentur
1917 4369 2081 4448 pastores,
2116 4380 2182 4446 qna

179 4451 346 4537 gaudium.
389 4451 475 4518 Nam
504 4454 582 4537 quia
608 4455 694 4520 inter
721 4453 815 4540 χάριν
845 4462 879 4519 ιι
905 4452 1011 4538 χαρὰν
1039 4470 1155 4533 parum
1206 4449 1279 4515 fieri
1300 4458 1407 4531 potest
1427 4469 1556 4515 summu
1576 4451 1727 4517 comitate
1743 4446 1933 4516 mulcendas
1953 4467 2024 4514 ιιιι
2041 4447 2182 4531 animoa,

179 4543 230 4602 ιιι
253 4535 459 4619 (ιίιιιιιιιίιιίι,
487 4539 631 4623 proclive
660 4537 724 4605 fuit
749 4541 783 4605 iu
806 4557 872 4603 una
898 4537 993 4603 litera
1019 4536 1154 4603 halluci·
1207 4534 1333 4619 quoties
1354 4533 1416 4601 huo
1438 4536 1563 4601 ratione
1580 4534 1655 4619 plue
1676 4535 1861 4618 proficitur:
1883 4532 1941 4600 sed
1954 4532 2002 4599 ita
2024 4542 2061 4598 ut
2075 4534 2182 4600 sciant

177 4622 268 4690 nari:
292 4622 409 4691 deinde
430 4624 507 4691 alibi
529 4624 623 4712 χάριν
645 4646 705 4709 pro
727 4624 845 4709 gaudio
866 4631 1003 4706 usurpat
1021 4621 1155 4702 Paulus,
1207 4621 1263 4704 qui
1285 4624 1353 4686 tam
1375 4619 1494 4687 blande
1516 4629 1709 4702 mactentur,
1737 4621 1846 4686 miuus
1874 4638 1951 4687 ιιι
1972 4619 2062 4703 exigi
2083 4638 2182 4703 quam

178 4710 210 4776 si
230 4713 335 4777 tomen
357 4708 571 4796 Clerpsostomo
594 4711 740 4780 mediter.
784 4709 859 4777 Iam
883 4709 963 4793 quid
986 4709 1093 4793 pratia
1113 4709 1157 4774 od
1208 4706 1356 4773 debeant.
1400 4707 1530 4774 Nomen
1551 4707 1669 4773 senis
1690 4728 1757 4773 uon
1779 4715 1929 4783 aetatem,
1957 4704 2015 4772 sed
2036 4704 2182 4770 officium

178 4796 442 4864 consolationum?
492 4794 582 4864 Satis
613 4803 723 4863 autem
756 4803 884 4864 constat
914 4794 1070 4880 quidnam
1102 4794 1157 4860 hic
1207 4789 1262 4857 hic
1299 4791 1474 4876 significet.
1534 4791 1630 4876 Quod
1669 4799 1778 4859 autem
1817 4812 1854 4858 ιι
1892 4811 1960 4857 uon
1998 4790 2182 4874 apostolum

179 4882 244 4949 sibi
266 4881 364 4950 velit:
394 4902 513 4984 nempe
535 4904 655 4968 magna
676 4904 713 4950 se
734 4881 858 4949 laetitia
879 4891 914 4948 et
935 4880 1157 4949 consolatione
1208 4877 1366 4956 nominat,
1388 4877 1461 4944 ideo
1484 4880 1523 4944 lit
1541 4879 1618 4962 quie
1634 4898 1709 4947 cnm
1730 4877 1855 4962 college
1869 4877 1905 4942 iu
1927 4875 2020 4943 verbi
2034 4877 2181 4942 ministr

180 4968 277 5048 affici,
310 4968 388 5054 qnia
416 4966 592 5036 Philemon
620 4969 750 5053 piorum
782 4967 1030 5036 necessitatibus
1062 4986 1157 5051 opem
1208 4962 1257 5029 rio
1278 4963 1327 5028 illi
1348 4966 1516 5049 negotium
1539 4973 1598 5049 eet,
1619 4984 1694 5031 oum
1715 4984 1780 5049 quo
1800 4961 2003 5031 familiariter
2023 4960 2182 5046 loquitur.

181 5052 304 5122 tulerit.
346 5053 420 5122 Hoc
441 5062 552 5122 antem
580 5074 674 5122 rarae
695 5060 747 5123 est
767 5054 922 5135 ιιιὶιιιίι,
951 5072 994 5119 ex
1019 5053 1157 5119 eliorum

180 5137 267 5206 bono
288 5150 418 5209 tantum
440 5141 607 5227 percipere
628 5141 748 5227 gaudii.
792 5140 884 5209 Adde
904 5140 987 5225 quoa
1007 5157 1069 5206 non
1083 5137 1156 5223 pri-
1296 5152 1319 5223 ¹)
1334 5151 1425 5210 Porra
