4740 6016
237 396 303 462 423
965 393 1108 461 EPIST.
1128 394 1272 462 PAULI
1296 395 1359 460 AD
1383 394 1530 462 'PITUM
2184 397 2248 462 424

241 611 371 677 genera.
417 592 526 672 Atque
555 588 617 654 hoo
649 609 712 653 non
743 608 880 670 parram
904 587 1082 671 emphasin
1109 587 1217 669 habet,
1271 587 1391 668 deeset,
1420 590 1549 671 quoties
1566 588 1681 655 salutis
1709 595 1841 655 nostrae
1866 589 1953 654 subit
1975 588 2172 655 desiderium
2197 591 2247 656 rel

242 676 329 759 qnod
343 674 408 741 Dei
431 676 538 759 gratia
557 674 597 740 ad
613 673 734 739 servile
749 693 852 756 usque
867 694 972 759 genus
987 695 1022 738 se
1038 672 1216 740 demiserit.
1270 674 1430 757 eogitatio.
1481 673 1655 739 Gloriam
1686 676 1759 740 Dei
1788 675 1995 758 interpretor,
2024 694 2094 741 non
2119 684 2248 742 mntem

241 763 326 828 Nam
355 781 457 843 qnnm
479 759 572 826 Deus
602 780 644 824 ne
673 760 802 826 infimos
825 759 956 842 quidem
979 768 1013 825 et
1035 770 1218 842 postremae
1269 780 1333 841 qua
1354 761 1389 825 in
1411 780 1447 824 se
1468 760 1629 843 gloriosus
1651 760 1721 843 ipse
1743 761 1815 838 erit,
1846 761 1903 827 sed
1925 782 1989 844 qna
2011 768 2090 827 tuno
2112 782 2148 827 ee
2170 782 2248 845 qna·

242 847 339 913 sortis
362 846 690 929 homineedespieiat,
715 845 902 929 plusquam
925 845 1101 912 absurdum
1125 846 1217 924 foret,
1271 865 1467 927 quaversum
1502 846 1670 923 diffundet,
1704 859 1741 912 ut
1774 865 1889 913 omnes
1922 867 1999 913 enos
2028 846 2149 913 eleetos
2179 850 2249 913 eins

240 953 300 998 nos
321 931 363 997 ad
386 932 637 1015 amplexandam
661 931 733 997 eius
756 932 933 997 bonitatem
955 932 1066 1015 pigros
1087 951 1158 997 esse
1180 951 1219 996 ao
1270 932 1367 997 faeiat
1399 931 1582 1015 partieipes.
1640 932 1834 1017 Magnum
1868 933 1940 998 ideo
1971 934 2137 998 nominat:
2172 934 2250 1017 quia

239 1016 373 1084 resides.
1271 1015 1340 1082 eius
1369 1017 1575 1101 magnitudo,
1608 1037 1706 1102 quam
1735 1039 1824 1084 nune
1855 1018 1946 1084 inani
1976 1018 2092 1083 mnndi
2121 1018 2249 1104 fulgore

328 1102 378 1168 12.
409 1099 454 1168 U:
468 1102 617 1186 abaepata
637 1103 804 1184 impietate.
840 1102 938 1170 Nnno
960 1101 1107 1186 regulam
1129 1103 1218 1168 vitae
1270 1105 1436 1168 exoaeoeti
1455 1103 1605 1170 homines
1633 1113 1822 1182 extenuant,
1852 1125 1889 1170 ao
1918 1104 2085 1170 interdum
2107 1124 2247 1188 quoqne,

241 1189 323 1255 bene
338 1187 558 1254 instituendae
573 1187 684 1271 tradit,
700 1196 734 1253 et
751 1188 837 1253 unde
853 1188 923 1252 fieri
939 1187 1055 1252 debeat
1069 1188 1217 1253 initium:
1271 1197 1430 1271 quantum
1457 1190 1492 1253 in
1518 1209 1553 1254 se
1574 1197 1634 1273 est,
1663 1190 1874 1255 exinaniunt:
1903 1189 2034 1256 demum
2058 1190 2176 1256 ultimo
2197 1190 2249 1257 die

240 1296 359 1359 nempe
389 1274 548 1357 aptioris
570 1275 659 1339 vitae
681 1274 904 1358 abnegatione,
925 1275 1017 1340 onius
1039 1273 1120 1338 duas
1142 1293 1218 1357 par·
1254 1278 1306 1340 'se
1328 1276 1481 1358 proteret.
1520 1275 1637 1340 Mundi
1656 1276 1744 1341 enim
1763 1277 1897 1359 speeies,
1920 1274 1997 1341 dnm
2015 1296 2134 1359 magna
2149 1277 2249 1343 oeulis

240 1371 291 1427 tes
309 1371 468 1439 reeeneet,
491 1360 691 1444 impietatem
707 1369 741 1424 et
756 1359 922 1424 mundana
938 1359 1108 1426 desideria.
1145 1359 1218 1426 Snb
1271 1360 1392 1427 nostris
1414 1369 1562 1445 apparet,
1583 1360 1630 1425 sie
1650 1361 1760 1427 oeulos
1782 1362 1984 1446 perstringit,
2008 1371 2045 1426 nt
2060 1363 2122 1426 Dei
2145 1363 2250 1446 gloria
2279 1431 2285 1439 ,

240 1448 408 1531 impietate
436 1466 502 1511 non
532 1455 661 1512 tantum
690 1444 938 1528 superstitiones
968 1445 1217 1528 comprehendo,
1271 1447 1366 1528 quasi
1394 1447 1429 1510 in
1460 1445 1602 1511 tenebris
1624 1446 1734 1512 lateat.
1778 1448 1826 1511 At
1848 1446 2002 1513 Christus
2023 1447 2168 1512 adventu
2190 1467 2250 1514 sno

240 1535 276 1598 in
306 1534 424 1616 quibus
453 1542 659 1601 erraverant:
692 1531 749 1597 sed
771 1529 942 1614 profanum
964 1529 1030 1595 Dei
1051 1539 1218 1614 eontemp·
1271 1533 1378 1597 fumos
1400 1530 1514 1596 mundi
1536 1551 1649 1597 omnes
1670 1531 1834 1614 disentiat,
1863 1543 1902 1597 ut
1923 1531 2008 1598 nihil
2028 1533 2171 1616 amplius
2193 1534 2250 1599 ab·

241 1630 321 1698 tum,
351 1618 457 1702 qualis
487 1624 604 1702 regnat
623 1618 659 1682 in
689 1615 885 1695 hominibus,
914 1615 1016 1682 donee
1039 1615 1218 1682 illuminati
1271 1625 1380 1682 eonret
1407 1617 1529 1701 gloriae
1551 1637 1630 1683 snae
1652 1618 1867 1701 splendorem,
1897 1618 1980 1683 nihil
2001 1618 2249 1700 amplitudinem

241 1705 368 1772 sintin
390 1705 541 1771 veritatis
564 1703 724 1767 notitiam.
768 1702 946 1783 Utennqne
967 1703 1052 1766 enim
1076 1701 1217 1785 aliquam
1271 1702 1441 1768 diminuat.
1492 1702 1709 1769 Demonstrat
1741 1704 1873 1787 quidem
1908 1705 2069 1769 Dominus
2101 1704 2249 1788 qnotidie

241 1790 433 1876 religionem
463 1786 738 1873 praeseferant,
768 1805 936 1870 nunquam
958 1795 1070 1852 tamen
1092 1788 1218 1853 sineere
1271 1791 1340 1854 suis
1370 1788 1522 1872 operibns
1551 1808 1646 1856 suam
1671 1791 1890 1856 maiestatem:
1920 1790 1978 1856 sed
2001 1791 2079 1872 qnia
2098 1788 2249 1856 homines

242 1884 300 1942 ant
332 1897 373 1943 ex
400 1874 510 1940 animo
539 1872 650 1939 Deum
681 1873 799 1938 timent
828 1892 866 1938 ao
894 1885 1103 1938 reserentur:
1138 1874 1218 1956 quin
1271 1873 1407 1958 impedit
1444 1895 1506 1941 sua
1539 1876 1677 1941 oaeoitas
1710 1897 1751 1941 ne
1784 1894 1856 1941 eam
1889 1876 2108 1959 eonspioiant,
2146 1874 2252 1941 latere

242 1961 350 2046 potins
378 1961 501 2043 sopitas
530 1958 653 2024 hubent
679 1958 904 2035 ooneoientins,
932 1968 971 2023 nt
1000 1958 1083 2023 nihil
1109 1963 1219 2025 minus
1271 1958 1487 2026 nihilominus
1523 1962 1559 2025 in
1591 1960 1728 2027 obsenro
1763 1960 1890 2028 dieitur.
1945 1961 1992 2027 At
2026 1961 2154 2027 Paulus
2186 1962 2252 2026 iem

242 2055 407 2130 reputent,
428 2065 527 2128 quam
549 2043 622 2110 Deo
643 2066 715 2111 esse
736 2043 954 2110 serviendum.
996 2043 1218 2111 Mandanae
1271 2066 1360 2113 nnno
1389 2045 1453 2111 fide
1474 2045 1547 2112 vult
1577 2067 1596 2111 a
1627 2046 1777 2132 fidelibus
1806 2047 2006 2114 ooneidereri
2026 2045 2114 2129 qnod
2136 2045 2252 2112 ultimo

243 2131 487 2215 eupiditates
509 2140 605 2196 voeat
626 2150 740 2196 omnes
761 2131 868 2196 earnis
890 2129 1043 2195 effeetus:
1065 2130 1218 2212 qnoniam
1271 2130 1324 2198 die
1346 2131 1624 2198 manifestabitur:
1654 2132 1791 2216 ideoque
1813 2133 1998 2216 magnifieri
2020 2131 2129 2198 Deum
2154 2152 2251 2215 quem

243 2217 347 2285 donee
374 2216 415 2282 ad
445 2236 480 2281 ee
509 2238 569 2281 nos
590 2216 754 2281 Dominus
783 2215 893 2292 traxit,
922 2214 1005 2279 nihil
1027 2217 1219 2301 respicimus
1270 2216 1414 2282 mundus
1432 2218 1486 2282 vel
1508 2219 1696 2304 oontemnit,
1719 2218 1771 2284 vel
1793 2219 1907 2284 saltem
1931 2239 1991 2302 pro
2010 2228 2071 2283 sua
2090 2219 2252 2302 dignitate

243 2324 342 2388 quam
370 2303 541 2368 mnndum.
588 2301 762 2367 Meditatio
790 2302 878 2366 enim
907 2300 1056 2366 eoelestis
1085 2304 1219 2368 vitaea
1269 2303 1402 2368 minime
1431 2304 1593 2369 aestimat.
1637 2305 1740 2370 Porro
1761 2304 1893 2371 dubium
1915 2313 1975 2382 est,
2002 2304 2251 2370 ooniunotimne

243 2389 490 2473 regeneratione
520 2387 643 2468 ineipit.
688 2387 787 2453 Prins
810 2406 887 2452 vero
915 2386 949 2450 in
979 2387 1139 2452 mnndum
1167 2390 1217 2452 in·
1271 2388 1352 2453 hneo
1369 2388 1508 2472 legenda
1525 2390 1604 2473 sint,
1626 2389 1785 2456 Ohrieti
1809 2392 1937 2474 magni
1960 2388 2035 2455 Dei
2058 2399 2098 2455 et
2120 2410 2250 2456 serva·

242 2476 367 2544 elinant
387 2473 495 2542 studia
516 2473 627 2538 omnia
648 2484 680 2537 et
702 2474 735 2538 in
757 2471 881 2538 mundo
905 2469 1050 2538 haerent.
1272 2476 1385 2540 toris:
1410 2495 1451 2540 an
1471 2494 1550 2541 vero
1573 2475 1613 2541 de
1636 2487 1728 2558 patre
1748 2485 1781 2542 et
1795 2477 1862 2541 filio
1885 2476 2083 2543 disinnotim.
2119 2475 2249 2554 Ariani,

330 2561 550 2641 Temperaater
570 2563 599 2623 et
619 2559 700 2624 iuste
714 2561 815 2639 etpie.
852 2554 1138 2638 Quemadmodum
1154 2558 1219 2623 tria
1271 2558 1359 2624 hnno
1387 2561 1598 2642 posteriorem
1625 2582 1758 2627 sensum
1781 2563 1983 2645 arripientes,
2015 2561 2150 2644 probare
2169 2561 2249 2626 inde

243 2654 318 2713 ante
334 2647 452 2730 posuit,
477 2665 579 2728 quum
596 2644 694 2710 vellet
708 2662 869 2709 summam
885 2643 1055 2726 eompleoti
1069 2643 1219 2710 ohristia·
1248 2645 1380 2711 -eonati
1413 2652 1493 2710 snut
1522 2646 1627 2711 filium
1656 2668 1728 2713 esse
1756 2658 1848 2731 patre
1878 2647 2056 2713 minorem:
2089 2648 2165 2731 qnia
2194 2647 2249 2712 hio

243 2755 305 2799 nae
324 2733 427 2800 vitae:
450 2733 496 2796 ita
516 2751 604 2796 nune
626 2750 697 2796 enm
721 2729 835 2793 definit
857 2729 963 2794 tribus
984 2730 1065 2807 istis,
1088 2730 1220 2812 pietate,
1272 2731 1489 2797 distinotionis
1519 2751 1617 2797 eausa
1646 2753 1666 2795 a
1699 2733 1802 2799 Paulo
1832 2733 1959 2799 dieatnr
1984 2753 2124 2819 maguus
2146 2732 2249 2799 Dens.

242 2819 369 2885 institis
394 2826 428 2883 et
460 2817 684 2900 temperantia.
729 2814 852 2894 Pietas,
874 2835 952 2898 erga
973 2813 1082 2880 Deum
1104 2814 1220 2899 religio
1271 2816 1457 2883 Orthodoxi
1480 2817 1634 2884 eoelesiae
1656 2819 1815 2900 dootoree,
1837 2831 1874 2884 nt
1895 2817 2102 2885 obstruerent
2123 2819 2249 2884 aditum

243 2915 309 2971 eet:
338 2903 462 2971 institia
490 2903 578 2968 inter
608 2902 757 2967 homines
784 2899 889 2966 loonm
919 2900 1026 2967 habet.
1072 2899 1220 2984 Utraque
1272 2903 1348 2969 huia
1363 2903 1555 2978 ealumniae,
1574 2904 1787 2969 vehementer
1802 2904 2052 2984 oontendernnt,
2072 2912 2250 2988 utrumqne

242 2992 360 3057 harum
383 2990 437 3074 qui
457 2988 624 3073 praeditus
642 2997 701 3070 est,
723 2989 753 3050 ei
771 2985 854 3051 nihil
873 2985 963 3051 deest
980 2986 1022 3051 ad
1040 2988 1217 3069 perfeetum
1272 2988 1312 3054 de
1341 2988 1477 3054 Christo
1509 2990 1699 3072 praedioari.
1751 2991 1878 3056 Verum
1908 2989 2040 3057 brevius
2068 3002 2102 3055 et
2129 2993 2250 3058 eertius

244 3078 410 3146 virtutem.
457 3076 503 3141 llt
532 3085 618 3140 certe
647 3075 682 3139 in
711 3072 783 3157 lege
813 3072 877 3138 Dei
905 3092 1033 3137 summa
1063 3073 1218 3156 perieetio
1271 3075 1421 3140 refellere
1446 3076 1522 3140 lieet
1544 3076 1697 3155 Arianos,
1727 3077 1802 3158 quia
1824 3076 1949 3142 Panlns
1980 3076 2020 3142 de
2050 3077 2249 3144 revelatione

243 3164 395 3243 traditur,
424 3162 476 3227 eui
498 3160 583 3225 nihil
605 3158 740 3226 omnine
762 3157 839 3223 addi
862 3166 974 3241 potest.
1020 3157 1087 3224 Sed
1109 3179 1218 3244 quem·
1271 3160 1394 3244 gloriae
1413 3161 1523 3244 magni
1539 3163 1601 3226 Dei
1621 3162 1778 3244 loquutus
1796 3182 1873 3228 mox
1889 3160 2061 3230 Ohristnm
2090 3162 2247 3239 adiunxit,

242 3249 416 3316 admodum
440 3247 597 3314 exereitia
617 3245 750 3331 pietatis
772 3253 850 3310 sunt
871 3244 964 3328 qnasi
987 3244 1105 3328 prioris
1126 3245 1217 3311 tabu·
1271 3254 1309 3312 ut
1342 3248 1500 3312 seiremus
1531 3247 1566 3313 in
1601 3247 1700 3314 hnins
1733 3266 1873 3331 persona
1904 3247 1975 3313 iore
2005 3248 2095 3315 illam
2123 3247 2248 3333 gloriae

242 3337 294 3402 lae
306 3334 516 3418 appendices:
539 3334 586 3399 ita
609 3329 835 3415 temperantia,
858 3331 951 3395 enine
973 3329 1035 3396 hoo
1050 3330 1120 3397 loeo
1134 3330 1220 3397 Pan·
1271 3332 1523 3398 revelationem:
1545 3351 1585 3399 ao
1605 3334 1634 3398 si
1652 3333 1783 3413 dioeret,
1806 3333 1863 3399 nbi
1879 3333 2033 3401 Christus
2052 3334 2247 3418 apparuerit,

242 3423 295 3489 lns
317 3422 478 3506 meminit,
500 3439 567 3484 non
589 3417 654 3483 alio
676 3437 775 3500 qnam
796 3417 838 3482 ad
855 3414 887 3481 le
912 3416 939 3481 's
957 3416 1218 3483 observationem
1271 3425 1351 3485 tuno
1380 3418 1578 3502 patefaetum
1608 3420 1702 3485 nobis
1724 3419 1765 3484 iri
1788 3419 1919 3485 divinae
1938 3420 2061 3505 gloriae
2080 3419 2248 3504 magnitu-

243 3516 381 3593 speotat:
416 3518 449 3575 et
480 3503 753 3591 quemadmodum
780 3510 857 3570 ante
908 3503 1109 3586 epatientia
1139 3502 1217 3580 dixi,
1272 3503 1392 3597 dinem.
1429 3503 1520 3569 Hine
1541 3505 1696 3570 disoimns
1718 3506 1868 3590 primum,
1890 3505 1976 3571 nihil
1996 3504 2170 3590 essequod
2188 3525 2249 3571 nos

241 3595 403 3680 prioribus
431 3593 563 3660 additur
584 3591 688 3656 veluti
717 3588 971 3656 condimentum.
1014 3588 1085 3655 Neo
1106 3590 1219 3654 varius
1271 3589 1313 3655 ed
1345 3589 1491 3658 stndinm
1524 3590 1607 3656 bene
1638 3591 1757 3676 agendi
1788 3591 1961 3658 alaeriores
1988 3590 2118 3672 reddat,
2151 3610 2250 3675 qnam

242 3691 294 3749 eet
317 3681 481 3765 apostolus
504 3679 560 3764 qni
583 3697 672 3743 nuno
693 3675 893 3760 patientiam,
921 3694 1009 3739 nnno
1032 3683 1217 3758 temperan·
1271 3696 1363 3759 spem
1387 3677 1516 3742 intnrae
1532 3677 1790 3744 resurrectionis.
1828 3675 1959 3742 Deinde
1975 3677 2010 3742 in
2028 3677 2115 3745 hane
2133 3677 2251 3744 debere

243 3771 323 3834 tiam
352 3769 508 3840 nominat,
539 3765 633 3846 qnasi
661 3771 791 3829 sanetae
822 3760 909 3826 ritae
935 3759 1217 3843 eomplementnm.
1271 3782 1400 3844 semper
1422 3783 1492 3829 esse
1513 3762 1657 3829 intentos
1679 3762 1801 3840 fideles,
1825 3784 1866 3828 ne
1887 3765 1921 3827 in
1945 3773 2032 3829 reoto
2054 3785 2153 3830 onrsn
2176 3762 2249 3829 lati·

242 3854 358 3937 Neque
374 3854 459 3918 enim
476 3851 624 3915 diversae
640 3860 719 3914 snnt
734 3848 887 3913 virtutes:
911 3867 1009 3930 quum
1027 3846 1218 3932 σωφροσύνη
1271 3860 1409 3932 gentnr:
1442 3849 1505 3913 nisi
1538 3849 1625 3913 enim
1659 3851 1718 3913 toti
1752 3849 1829 3913 inde
1862 3848 2076 3934 pendeamus,
2110 3849 2248 3915 subinde

242 3940 302 4006 snb
331 3960 366 4004 se
388 3937 596 4004 tolerantiam
620 3932 883 4016 comprehendat.
926 3931 1040 4014 Addit,
1068 3935 1111 3997 in
1142 3933 1218 4000 hoo
1271 3933 1454 3999 delabimur
1475 3932 1517 3999 sd
1535 3933 1650 3998 mnndi
1668 3935 1840 4002 vanitates.
1879 3933 1946 4000 Sed
1964 3936 2123 4017 qnoniam
2138 3935 2248 4000 formi-

243 4024 431 4091 saeoulo:
465 4023 542 4106 quia
577 4021 738 4087 Dominus
771 4028 975 4101 praesentem
1006 4026 1110 4084 vitam
1143 4018 1218 4084 fidei
1271 4019 1388 4084 dabilis
1415 4038 1486 4085 esse
1516 4021 1607 4085 nobie
1635 4031 1743 4103 posset
1764 4018 1900 4085 Domini
1923 4020 2085 4088 adrentus
2107 4023 2141 4086 in
2163 4021 2249 4085 iudi·

242 4120 372 4177 nostrae
401 4109 585 4193 probationi
614 4106 798 4171 destinarit.
842 4102 1004 4184 Quamvis
1026 4106 1114 4168 enim
1136 4124 1218 4170 non·
1271 4106 1366 4182 oium,
1395 4106 1587 4187 proponitur
1609 4106 1702 4170 nobis
1724 4105 1877 4172 Christus
1899 4119 2056 4187 servator,
2084 4109 2140 4191 qni
2161 4105 2248 4171 idem

242 4196 319 4261 dnm
352 4196 476 4261 fruetus
499 4203 586 4261 reete
608 4194 768 4257 laetorum
791 4204 962 4272 appareat:
991 4190 1085 4255 nobis
1108 4199 1218 4255 tamen
1270 4191 1401 4256 iuturus
1423 4200 1475 4256 est
1493 4191 1601 4256 index.

241 4282 282 4347 ad
305 4283 450 4348 studium
471 4280 552 4346 bene
570 4277 688 4362 agendi
706 4276 854 4342 suffieere
873 4296 948 4358 spes
967 4273 1072 4342 debet.
1109 4277 1219 4361 Atque
1358 4277 1409 4341 14.
1435 4277 1498 4356 Qui
1527 4277 1612 4342 dedit
1642 4295 1676 4342 ee
1707 4277 1822 4361 ipusm
1875 4277 1976 4343 Aliud
2009 4278 2248 4344 exhortationis

241 4366 302 4431 hoo
324 4380 374 4434 eet
396 4367 483 4451 quod
505 4366 616 4432 statim
640 4361 739 4429 addit.
1272 4372 1502 4445 argumentum
1526 4383 1545 4427 a
1571 4361 1636 4427 lide
1652 4372 1709 4426 aot
1724 4363 1842 4429 effeotn
1861 4364 1978 4428 mortis
1993 4361 2131 4429 Christi.
2168 4364 2246 4430 Idea

329 4454 379 4520 13.
408 4453 631 4536 Exspectabis:
659 4449 778 4514 ὂοαίοοο
806 4465 902 4527 spera.
946 4446 978 4512 A
1007 4465 1064 4529 spe
1092 4446 1220 4511 futurae
1271 4468 1307 4513 se
1333 4447 1451 4513 obtulit
1481 4468 1540 4530 pro
1569 4449 1660 4514 nobis
1683 4447 1849 4529 Christus,
1887 4459 1923 4514 ut
1951 4468 2011 4514 nos
2033 4449 2247 4516 redimerete

241 4538 499 4604 immortalitatis
521 4537 779 4603 exhortationem
803 4531 944 4598 dedueit.
980 4532 1024 4596 lt:
1047 4541 1134 4598 eerte
1149 4532 1219 4599 fieri
1271 4535 1393 4617 peeeati
1423 4537 1582 4599 servit-ute
1614 4542 1647 4598 et
1680 4536 1864 4616 aoqnireret
1903 4535 1965 4600 sibi
1994 4536 2087 4618 qnasi
2117 4537 2150 4600 in
2192 4556 2247 4619 pe·

241 4645 306 4690 non
335 4630 443 4708 potest
473 4626 552 4708 quin
582 4624 647 4706 illa,
674 4620 703 4686 si
733 4619 863 4700 penitus
886 4617 1147 4683 animisnostris
1169 4619 1219 4683 in·
1271 4620 1404 4685 eulinm.
1449 4619 1539 4703 Ergo
1571 4620 1641 4685 eius
1674 4622 1781 4703 gratia
1810 4621 1993 4688 neeessario
2018 4642 2129 4687 seeum
2152 4623 2247 4687 affert

243 4711 356 4791 sident,
387 4733 446 4777 nos
472 4719 556 4776 totos
577 4709 706 4774 addieat
729 4707 810 4770 Dea.
855 4702 988 4780 Oontra,
1018 4703 1074 4786 qui
1097 4705 1219 4769 mundo
1271 4706 1361 4770 vitae
1392 4706 1589 4770 novitatem:
1621 4708 1697 4789 quia
1724 4705 1960 4790 redemptionis
1983 4707 2180 4773 benolioinm
2202 4709 2247 4772 ia·

242 4809 275 4863 et
297 4799 388 4864 earni
411 4797 522 4862 virere
545 4817 609 4861 non
632 4794 799 4872 desinunt,
822 4809 990 4871 nunqnam
1013 4810 1089 4857 vere
1112 4799 1220 4873 gusta·
1271 4792 1362 4856 olunt
1377 4791 1505 4855 irritum
1521 4791 1575 4874 qui
1597 4791 1747 4856 serviunt
1770 4791 1876 4860 adhue
1898 4801 2039 4876 peeoato.
2074 4792 2146 4858 Iam
2172 4812 2247 4860 vero

242 4893 321 4949 runt
343 4882 421 4966 qnid
437 4882 548 4947 valeat
565 4890 718 4946 aeternae
734 4877 821 4942 vitae
839 4876 1018 4957 promissio.
1055 4874 1219 4942 Dominus
1272 4897 1291 4940 a
1319 4877 1440 4960 peeoati
1469 4877 1627 4941 servitute
1657 4878 1884 4958 vendioamnr,
1917 4887 1954 4943 nt
1981 4879 2163 4944 serviemus
2184 4879 2247 4944 Dei

241 4971 329 5034 enim
348 4971 382 5034 in
401 4969 526 5035 eoelum
545 4966 701 5046 vooando,
721 4973 845 5029 eterra
863 4981 922 5027 nos
940 4960 1079 5027 abdueit.
1117 4961 1218 5044 Spem
1271 4963 1426 5028 iustitiae.
1472 4963 1615 5029 Proinde
1644 4963 1705 5029 hoe
1735 4963 1914 5031 seeundum
1937 4983 2016 5028 mox
2038 4964 2175 5045 addidit,
2209 4966 2247 5029 de

243 5053 295 5119 hie
325 5056 434 5138 posuit
462 5075 521 5136 pro
550 5074 586 5117 re
612 5056 759 5135 sperata:
790 5047 912 5129 alioqui
934 5048 1113 5130 impropria
1135 5058 1219 5112 esset
1272 5049 1419 5131 populo
1463 5048 1677 5132 peenliari,
1720 5049 1916 5116 bonorum
1955 5070 2124 5133 opernm
2163 5062 2247 5117 stn-

241 5138 397 5222 loquntio.
448 5139 504 5207 Sia
526 5149 634 5204 autem
666 5134 808 5221 appellat
836 5134 961 5199 ielioem
993 5136 1106 5216 vitam,
1136 5152 1219 5215 qnae
1272 5135 1396 5200 dioso.
1432 5133 1508 5215 Quo
1522 5135 1695 5220 signifieat,
1718 5136 1824 5217 perire
1839 5137 1874 5200 in
1897 5133 1992 5201 nobie
2013 5132 2247 5220 redemptionis

241 5225 337 5290 nobis
360 5229 395 5290 in
417 5227 505 5292 ooelo
527 5221 748 5307 enelreposita.
794 5218 902 5287 Simul
925 5218 1069 5285 deelarat
1090 5218 1218 5302 qnando
1271 5221 1424 5300 irnotnm,
1457 5222 1486 5287 si
1517 5221 1631 5286 mundi
1666 5221 1935 5305 eononpisoentiis
1962 5221 2070 5289 adhue
2097 5231 2248 5288 tenemur

239 5311 343 5376 futuri
372 5311 474 5377 simne
503 5311 573 5376 eine
600 5320 774 5393 oompotee,
805 5316 838 5373 et
869 5305 947 5388 quid
978 5325 1036 5371 nos
1059 5305 1219 5388 respieere
1271 5307 1429 5390 implieiti.
1472 5306 1523 5373 Ao
1551 5327 1615 5391 qno
1645 5306 1762 5373 melius
1791 5307 2001 5391 exprimeret,
2035 5326 2095 5374 nos
2120 5307 2247 5375 Christi
