4762 6016
186 396 247 460 421
1082 395 1233 462 OAPU'P
1255 395 1301 462 11.
2123 396 2189 464 422

186 605 265 671 ergo
288 586 454 652 duetorem
476 605 548 651 essa
569 585 747 668 exemplar,
778 585 831 650 eui
854 604 888 650 se
911 585 1063 668 disoipuli
1084 605 1160 651 oon·
1213 585 1309 664 viam,
1332 593 1367 650 et
1389 585 1517 650 iurandi
1539 585 1734 669 cupidinem.
1768 586 1889 651 Plenas
1905 595 1983 651 sunt
2004 587 2190 656 comoediae

186 672 336 739 torment.
380 670 473 752 Quae
503 680 696 754 sequuntur,
725 680 857 755 propter
885 670 1058 737 obseurum
1087 689 1160 734 ora·
1212 669 1371 755 exemplis
1393 668 1530 736 nimium
1552 679 1720 754 promptae
1743 670 1931 751 dioaoitatis,
1952 691 2017 754 qua
2030 675 2119 739 servi
2133 673 2188 739 do-

187 757 286 824 tionis
318 756 526 841 eomplexom
560 755 712 841 ambigua
738 764 826 823 sunt.
872 756 971 822 Ponit
1000 756 1088 822 enim
1119 755 1160 820 in
1213 756 1318 822 minos
1340 754 1485 823 eludunt
1530 756 1600 823 Neo
1628 758 1699 822 sine
1720 777 1818 824 eausa
1846 758 1931 823 faeta
1952 761 2003 824 est
2028 757 2107 825 olim
2128 780 2187 826 no·

187 844 397 943 doetrina,
423 863 499 910 mox
522 843 653 943 subiicit
673 843 707 908 in
731 844 924 944 assumtivo·
938 862 1025 943 oasn,
1053 843 1161 941 inte·
1212 841 1339 907 minum
1367 841 1572 943 permutatio,
1607 851 1643 908 ut
1671 862 1783 908 servos
1811 851 1965 908 voearent
1994 845 2090 911 iures.
2135 843 2189 911 Ita
2221 883 2223 886 ⁴

186 934 536 1098 ttltlttnttf
545 936 803 1098 :tibist
833 928 1161 1080 „illltttltt
1213 927 1449 1078 latitet
1471 927 2188 1100 illtttttmltttttttltttt

186 1099 276 1166 xime
291 1098 466 1184 probabile.
502 1100 653 1165 Primum
672 1101 753 1167 baso
767 1100 867 1168 verba
881 1099 980 1166 simul
994 1106 1162 1177 eonneeto,
1213 1098 1330 1164 minos.
1375 1099 1465 1185 Ergo
1487 1098 1585 1165 fidem
1607 1119 1667 1165 om
1678 1120 1765 1165 nem
1787 1101 2024 1182 ostendere,
2045 1110 2097 1167 est
2119 1122 2190 1168 ver·

186 1185 385 1251 bonorum
414 1204 582 1270 operum
613 1185 656 1251 in
687 1185 892 1253 doetrina.
944 1186 1030 1251 Nam
1060 1204 1160 1268 quum
1214 1185 1279 1249 sari
1301 1184 1441 1250 fideliter
1462 1184 1583 1268 absque
1612 1185 1728 1252 fraude
1749 1184 1805 1253 vel
1826 1207 1921 1267 noxa,
1950 1187 1987 1251 in
2009 1187 2188 1255 trautandis

187 1271 320 1338 iusserit
351 1271 510 1338 bonorum
536 1290 671 1355 operum
695 1270 839 1338 studium
869 1271 1014 1337 doeendo
1035 1269 1162 1355 urgeri:
1214 1269 1336 1336 domini
1358 1269 1466 1337 rebus

150 1434 161 1446 ·
188 1355 259 1424 vult
278 1356 364 1422 bona
388 1377 496 1442 opere,
524 1377 609 1440 quaa
636 1357 712 1424 buio
740 1356 905 1423 doetrinae
934 1357 1162 1440 respondeant,
1301 1356 1351 1422 10.
1381 1355 1422 1423 Ut
1441 1357 1623 1424 dodriaoss.
1663 1357 1854 1423 Aoerrimus
1877 1357 1930 1422 hio
1952 1356 2190 1426 exhortationis

186 1443 325 1526 speutari
344 1443 380 1508 in
402 1443 474 1510 eius
503 1442 580 1509 vita.
625 1441 767 1508 Proinde
796 1442 956 1526 partioula
984 1443 1018 1507 in
1045 1463 1161 1510 eonve-
1215 1439 1348 1507 seuleus
1381 1462 1452 1508 esee
1480 1442 1573 1508 nobis
1600 1441 1704 1522 debet,
1734 1462 1834 1525 quum
1862 1442 2015 1510 audimus
2042 1443 2190 1512 honestis

186 1528 529 1680 tttbtdffltt
543 1527 920 1681 Ῑζῗιῖἒῖἔίἕέἵῖἱῗῗ
942 1528 1025 1680 ”li
1038 1527 1164 1678 3333
1214 1526 1723 1697 stillultlulttt‘i
1745 1528 2056 1682 lttltmntt
2075 1539 2190 1683 titt

186 1698 277 1767 ribus
298 1700 427 1776 referat,
449 1699 614 1785 integrum
637 1707 671 1766 et
692 1720 827 1785 gravem
850 1635 1043 1767 esseyliubot.
1088 1698 1162 1765 Sa·
1214 1700 1432 1766 eommuniter
1453 1699 1620 1766 ridemus:
1649 1699 1746 1766 siouti
1775 1720 1908 1766 rursum
1930 1701 2092 1784 flagitiosa
2120 1701 2190 1770 aito

187 1806 264 1851 nus
286 1805 420 1850 sermo
447 1784 488 1851 ad
511 1805 717 1851 eommunem
741 1786 843 1852 vitam
865 1785 953 1872 (meo
974 1784 1107 1872 iudioio)
1129 1794 1163 1850 et
1216 1792 1328 1850 nostra
1347 1784 1436 1850 illam
1458 1784 1615 1851 dedeeore
1636 1785 1747 1852 alfioit.
1792 1784 1885 1854 Solet
1913 1786 2001 1852 enim
2023 1807 2066 1854 ex
2086 1788 2190 1873 opari-

185 1871 318 1954 privata
346 1870 507 1954 oolloqaia
536 1871 686 1936 refertur.
732 1872 923 1938 Absortium
954 1872 1040 1937 enim
1068 1871 1162 1945 foret,
1216 1869 1276 1937 bus
1297 1871 1420 1937 nostris
1441 1870 1615 1937 aestimari.
1661 1869 1780 1936 Verum
1805 1872 1886 1938 haee
1906 1892 2034 1955 quoque
2055 1874 2192 1941 oiroum·

187 1955 228 2021 de
248 1955 381 2040 publiea
401 1957 551 2022 doetrina
573 1956 798 2040 interpretari:
822 1978 921 2041 quum
940 1965 1068 2024 tantum
1084 1955 1164 2021 velit
1215 1957 1338 2023 stantia
1359 1955 1502 2022 notanda
1516 1966 1576 2033 est,
1598 1956 1685 2039 quod
1700 1963 1930 2023 ornamentum
1947 1958 2037 2024 Deus
2053 1980 2073 2025 a
2087 1960 2192 2027 serris

187 2042 300 2107 Titum
322 2042 357 2107 in
380 2043 474 2108 laetis
494 2049 530 2108 et
550 2041 644 2108 dietis
665 2055 901 2128 oongruentem
919 2040 1039 2108 habere
1061 2042 1164 2108 vitam
1216 2043 1283 2109 aoui
1306 2061 1361 2107 ere
1383 2042 1548 2125 dignatur,
1570 2062 1708 2124 quorum
1732 2052 1798 2108 tarn
1821 2043 1897 2108 vilis
1919 2053 1951 2107 et
1973 2042 2100 2111 abieota
2120 2053 2191 2112 erat

187 2148 267 2195 suae
287 2126 530 2212 praedieationi.
568 2127 680 2209 Quare
695 2148 865 2195 sermones
887 2129 958 2195 eins
973 2149 1071 2213 puros
1093 2147 1164 2194 esse
1216 2064 1369 2204 ooniitio,
1399 2135 1437 2193 nt
1464 2129 1519 2193 vix
1548 2128 1673 2193 censeri
1702 2128 1789 2194 soliti
1816 2127 1883 2194 sint
1912 2129 1999 2193 inter
2032 2129 2189 2196 homines.

188 2212 280 2280 iubet
300 2219 495 2281 aoremotos
509 2215 550 2280 ab
567 2217 655 2280 omni
671 2215 864 2300 corruptela.
898 2213 1163 2298 lrreprehen·
1216 2214 1329 2298 Neque
1351 2214 1438 2279 onim
1462 2212 1600 2280 famulos
1627 2213 1783 2297 intelligit
1808 2213 1920 2297 quales
1949 2214 2047 2280 hodie
2067 2216 2101 2280 in
2128 2236 2190 2281 usu

188 2298 333 2366 sibilis
354 2310 422 2365 tam
444 2299 484 2366 ad
508 2320 690 2367 sermonem
713 2321 812 2385 qnam
838 2299 879 2365 ad
901 2319 1074 2382 personam
1096 2300 1164 2365 Titi
1215 2308 1307 2366 eunt:
1341 2300 1396 2364 sed
1430 2299 1600 2381 manoipia,
1644 2320 1727 2383 quae
1755 2301 1860 2384 pretio
1892 2309 2002 2384 empta
2034 2307 2190 2384 tanquam

190 2386 296 2469 aptari
323 2395 439 2469 potest
483 2385 557 2452 Hoo
585 2387 749 2471 posterius
778 2386 884 2471 magis
906 2386 1096 2471 amplector:
1127 2397 1164 2452 ut
1215 2384 1316 2451 boves
1338 2393 1396 2450 aut
1417 2386 1494 2467 equi
1516 2384 1775 2468 possidebantur.
1815 2385 1914 2467 Quod
1936 2386 1965 2450 si
1987 2407 2097 2453 eurum
2121 2388 2191 2452 vita

187 2471 306 2555 reliqui
327 2472 504 2541 aoousativi
532 2471 630 2556 (quod
656 2473 808 2558 syntaxis
860 2491 953 2539 raeoa
981 2471 1076 2538 laoile
1105 2493 1163 2556 pa·
1215 2480 1444 2537 ornamentum
1478 2480 1530 2536 eet
1561 2471 1733 2536 christiani
1765 2472 1919 2551 nominis,
1951 2471 2055 2537 multo
2084 2472 2190 2558 magis

186 2556 282 2639 titur)
303 2557 382 2623 inde
403 2557 576 2642 pendeant,
603 2557 664 2625 boo
685 2578 799 2626 sensu:
854 2577 947 2642 empe
969 2565 1007 2622 ut
1028 2565 1061 2623 te
1082 2557 1162 2623 irre·
1217 2558 1351 2624 videant
1374 2557 1427 2640 qni
1450 2557 1486 2622 in
1503 2556 1628 2621 bonore
1650 2568 1737 2637 sunt,
1761 2577 1801 2622 ne
1816 2557 1897 2623 illud
1914 2557 2116 2641 turpitudine
2131 2579 2191 2624 sua

187 2643 441 2793 prehensilbilem
464 2643 621 2727 praebeas
642 2645 816 2729 gravitate,
845 2645 1045 2729 integritate,
1075 2643 1164 2708 sanis
1215 2643 1390 2710 maeulent.

188 2748 333 2797 sermons
356 2748 406 2794 us.

275 2816 305 2882 8.
334 2812 373 2882 Ut
393 2813 607 2881 menonem.
647 2815 790 2882 'l'ametsi
813 2814 868 2880 alii
890 2815 973 2880 fines
994 2813 1163 2898 speotandi
1304 2814 1355 2880 11.
1375 2813 1539 2896 Apparuit
1563 2813 1646 2878 etaim
1665 2813 1772 2896 pratia
1793 2813 1858 2880 Dei
1878 2814 2032 2881 solatoria
2051 2814 2193 2881 omnibus

187 2908 267 2968 sunt
281 2900 406 2965 bomini
421 2898 617 2968 ebristiano:
640 2922 706 2966 non
723 2910 833 2966 tamen
849 2900 904 2966 bie
919 2899 1044 2984 negligi
1058 2899 1163 2980 debet,
1215 2899 1402 2983 bominibus,
1447 2897 1498 2964 12.
1520 2899 1688 2965 insatietas
1708 2918 1774 2979 noe,
1796 2904 1841 2983 at,
1862 2901 2013 2985 obarmata
2033 2901 2192 2982 impietate

188 2995 226 3052 nt
246 2985 357 3069 impiis
385 3006 421 3051 os
443 2986 647 3052 obstruatur:
677 2987 771 3052 siouti
801 2986 923 3070 possim
950 2985 1164 3053 admonemur
1214 2983 1676 3067 emendatissimum,
1697 2989 1912 3070 meatu,
1934 2991 1961 3054 et
1981 2986 2073 3066 iuste,
2094 2986 2192 3070 etpie

186 3093 253 3138 non
293 3091 365 3138 esse
403 3069 469 3136 illis
508 3068 648 3136 dandam
692 3071 893 3139 oeensinnem
936 3070 1163 3138 malodieendi.
1214 3072 1358 3140 vinam
1378 3071 1414 3136 isa
1429 3069 1485 3137 boa
1500 3070 1638 3138 enecato:
1674 3070 2081 3153 meermannianam
2094 3091 2191 3156 open,

188 3157 411 3242 Quaerunque
426 3157 514 3223 enim
536 3156 656 3238 probra
670 3158 706 3222 in
726 3157 847 3223 nostris
865 3157 1009 3223 moribus
1027 3166 1164 3240 possunt
1215 3162 1243 3224 et
1263 3157 1492 3241 ammone»
1511 3156 1631 3239 gloriae
1650 3157 1759 3241 mopsi
1773 3156 1846 3235 Dei,
1868 3163 1897 3223 et
1910 3158 2080 3224 emowsia
2093 3158 2194 3224 nostri

187 3244 343 3329 arripere,
375 3263 415 3309 ea
446 3243 482 3308 in
507 3240 680 3309 Obristum
712 3243 848 3326 eiusque
881 3243 1065 3310 doetrinam
1100 3253 1163 3309 tor·
1216 3242 1293 3309 lesa
1309 3242 1438 3324 Christi,
1472 3241 1523 3308 14.
1538 3243 1598 3325 qui
1615 3241 1699 3309 dedit
1719 3263 1753 3309 ee
1772 3243 1880 3324 gisam
1893 3264 1959 3326 pro
1977 3243 2075 3327 nobis,
2097 3248 2132 3310 at
2145 3263 2191 3310 re-

189 3341 299 3415 gnent
343 3328 396 3396 Ita
416 3329 454 3395 tit
476 3332 516 3393 nt
547 3337 660 3395 nostra
683 3328 780 3414 eulpa
806 3328 1025 3396 oontnmeliae
1053 3327 1163 3395 subia-
1215 3329 1344 3395 timeret
1362 3347 1420 3394 aee
1441 3326 1481 3394 ob
1494 3328 1579 3394 omni
1592 3327 1765 3411 iniquitate,
1786 3328 2193 3414 etparifiooreteibipopa·

187 3423 259 3482 oeat
280 3435 409 3482 merom
431 3414 495 3480 Dei
524 3433 656 3481 nomen.
699 3414 845 3482 Proinde
873 3435 939 3499 quo
968 3436 1027 3482 nos
1056 3415 1165 3482 aerius
1215 3416 1283 3482 lam
1298 3413 1492 3497 partiates
1507 3411 1683 3481 medaeam
1698 3414 1850 3481 bonomm
1865 3435 2000 3498 operam
2034 3415 2086 3481 15.
2104 3415 2194 3482 Haeo

187 3501 338 3567 videmus
371 3501 412 3568 ab
445 3500 596 3568 hostibus
626 3500 803 3579 observari,
837 3522 875 3567 eo
908 3502 1013 3586 magis
1044 3501 1164 3568 intenti
1216 3501 1347 3584 benere,
1374 3504 1402 3566 d
1429 3498 1603 3584 aaran,
1633 3505 1661 3567 et
1688 3521 1785 3586 myses
1813 3520 1883 3568 mem
1909 3501 1994 3569 maai
2014 3502 2192 3570 omrimte.

187 3586 291 3652 simus
323 3584 365 3653 ad
397 3587 559 3654 oavendas
599 3606 711 3654 eorum
743 3587 942 3655 oalumnias:
983 3590 1081 3670 atque
1118 3588 1166 3653 ita
1219 3587 1318 3654 Nemo
1339 3591 1367 3652 te
1386 3589 1567 3652 mussant

188 3690 300 3740 sorum
333 3672 523 3758 malignitas
559 3671 703 3739 studium
736 3672 818 3740 bene
850 3673 968 3758 agendi
1005 3674 1041 3738 in
1074 3674 1166 3740 nobis

188 3767 294 3826 aooat.
1304 3757 1354 3823 11.
1386 3756 1552 3841 Apponeit
1577 3756 1675 3840 enim,
1702 3762 1755 3826 eto.
1805 3757 1838 3825 A
1865 3759 1931 3824 fine
1959 3757 2192 3842 redemptionis

274 3843 305 3911 9.
340 3843 461 3912 aereos
513 3842 584 3908 Iam
618 3841 741 3908 dietum
775 3851 824 3909 est
846 3842 989 3909 Paulum
1021 3841 1167 3910 breviter
1218 3852 1477 3927 argumentatur,
1499 3860 1597 3926 quem
1619 3842 1713 3910 dooet
1734 3865 1807 3911 esse
1828 3843 1973 3911 studium
2010 3843 2041 3909 ie
2055 3850 2090 3910 et
2104 3848 2192 3911 reete

189 3928 351 3996 duntaxat
382 3928 542 4014 quaedam
575 3929 738 4014 attingere
770 3928 912 4012 exempli
945 3946 1061 3996 eausa:
1099 3949 1165 3995 non
1217 3928 1361 3995 risendi.
1397 3927 1495 3995 Unde
1517 3928 1674 4012 sequitur,
1696 3927 1773 3995 boni
1791 3929 1971 3997 dootoriso
2007 3929 2093 3996 oium
2111 3948 2192 4011 osse,

189 4025 298 4082 autam
321 4036 374 4083 res
395 4025 481 4080 totas
501 4013 674 4098 expliuare,
701 4013 973 4098 quemadmodum
996 4015 1025 4080 si
1047 4033 1102 4080 eas
1124 4035 1166 4080 ex
1218 4012 1676 4100 potiushortariadsanotam
1688 4015 1800 4094 vitam,
1815 4015 2192 4099 quamvanisquaestio-

188 4102 333 4186 prolesso
353 4099 542 4166 traotandss
570 4101 759 4182 suseiporet.
801 4099 918 4185 Itaque
947 4099 1025 4167 dum
1053 4119 1167 4167 servos
1217 4100 1313 4166 nibus
1335 4119 1494 4184 oooopare
1515 4098 1686 4165 hominnm
1708 4110 1846 4168 montes.
1882 4100 2037 4168 Redemit
2055 4121 2115 4168 nos
2131 4102 2195 4182 (in-

189 4185 280 4254 iubat
302 4186 484 4253 dominis
511 4186 682 4270 plaeere
712 4205 786 4269 per
814 4186 971 4268 omnia,
1005 4186 1068 4252 hoo
1097 4185 1166 4269 pla·
1218 4186 1289 4271 quit
1317 4184 1495 4252 Zaobarias
1523 4185 1558 4249 in
1588 4205 1648 4251 suo
1676 4188 1812 4271 oantioo,
1840 4187 1925 4254 Lus.
1950 4189 1978 4270 1,
2010 4185 2066 4273 14)
2095 4192 2132 4253 ut
2159 4188 2194 4254 iu

190 4272 285 4339 uendi
299 4273 445 4339 studium
468 4271 508 4338 ad
525 4292 564 4337 oa
585 4270 743 4358 restringi
758 4270 854 4336 debet
868 4292 952 4355 quae
970 4282 1059 4338 reeta
1072 4279 1167 4337 sunt:
1217 4271 1392 4339 sanotitnte
1434 4278 1468 4336 et
1506 4270 1694 4338 innoeentia
1734 4274 1918 4339 serviamus
1957 4271 2005 4338 illi
2042 4273 2194 4340 omnibus

189 4356 288 4442 idque
302 4380 345 4426 ex
367 4358 439 4424 aliis
453 4357 615 4424 similibus
629 4356 719 4435 loeis,
741 4357 797 4423 ubi
820 4359 1012 4423 nominatim
1033 4356 1167 4423 additur
1218 4357 1451 4423 diebusvitae
1483 4366 1624 4421 nostrae.
1675 4357 1830 4425 Eiusdem
1863 4358 2000 4424 rationis
2028 4368 2079 4425 ost
2107 4359 2192 4442 quod

189 4444 347 4528 exeeptio,
370 4443 512 4528 nequid
534 4441 799 4509 nisieeeundum
821 4442 941 4510 Deum.
978 4442 1166 4510 Observare
1218 4442 1297 4508 dioit
1329 4441 1470 4525 Paulus,
1502 4443 1610 4526 gratis
1643 4444 1705 4509 Dei
1737 4445 1903 4529 apparuit,
1937 4464 1997 4510 nos
2030 4444 2192 4511 erudiens.

189 4541 299 4596 satem
323 4531 407 4608 lieet,
440 4530 613 4613 praeeipue
634 4528 688 4595 bio
718 4528 899 4613 apostolum
933 4528 1093 4608 insistere,
1128 4536 1166 4595 ut
1218 4527 1393 4612 Significat
1414 4530 1512 4610 enim,
1536 4547 1607 4593 vioe
1628 4538 1847 4596 institutionis
1867 4549 1939 4596 esso
1960 4530 2054 4596 nubis
2076 4529 2193 4596 debere

189 4617 245 4699 qui
275 4615 337 4683 snb
358 4615 496 4682 aliorum
529 4622 692 4699 potestate
720 4625 807 4692 sunt,
844 4613 998 4699 morigeri
1031 4614 1099 4680 sint
1127 4634 1166 4681 ao
1216 4614 1258 4680 ad
1280 4614 1384 4680 vitam
1406 4622 1494 4680 reete
1515 4613 1729 4680 formandam.
1771 4615 1947 4699 Arripiunt
1968 4615 2025 4681 alii
2046 4617 2081 4681 in
2103 4634 2193 4682 oooa·

189 4701 416 4854 tttttt·
433 4698 804 4869 „multet
827 4699 1050 4852 illiniti-¹
1065 4700 1166 4869 til
1217 4698 2193 4867 :itttilttltttttlrldltltitt‘’ittlt

189 4873 331 4940 rieulum
362 4808 434 4939 eriri
462 4890 503 4938 na
534 4871 697 4956 evangelii
730 4877 902 4955 praetextu
935 4871 1038 4954 magis
1071 4890 1164 4955 prae·
1216 4870 1370 4955 eogitent.
1408 4875 1455 4936 At
1477 4889 1555 4935 vero
1571 4870 1634 4935 Dei
1655 4873 1782 4956 gratiae
1803 4871 2023 4938 manifestatio
2040 4872 2192 4938 exhorta·

189 4957 285 5057 iraoti
306 4958 532 5060 redderentur2
553 4957 635 5057 quia
651 4955 823 5124 indignum
846 4967 1010 5057 putarent3
1034 4978 1071 5023 so
1091 4957 1164 5058 aab·
1216 4957 1322 5022 tiones
1344 4953 1386 5020 ad
1409 4956 1461 5055 pie
1482 4953 1660 5052 vivendum
1683 4958 1866 5058 necessario
1888 4978 1998 5056 seeum
2023 4957 2133 5058 trahit

189 5064 296 5110 ’Μ
322 5041 1166 5213 bittit:lattttttltttlttilt
1216 5039 1465 5195 nemi
1474 5039 2191 5215 mttnittlttlsttttttt

189 5134 349 5284 megel
373 5214 599 5300 frangendam,
622 5213 677 5280 sel
698 5213 950 5300 reprimendam.
990 5213 1166 5283 Owtarum
1216 5223 1339 5299 quotus
1369 5223 1450 5281 erat.
1494 5211 1628 5282 Interea
1649 5236 1717 5283 non
1738 5214 1896 5301 intelligit
1917 5215 2062 5300 singulos
2085 5213 2190 5280 homi·

190 5300 256 5372 duo
276 5301 409 5371 servilia
429 5301 513 5370 vitia
532 5299 741 5387 perstringit:
772 5301 1015 5386 tergiversandi
1039 5310 1165 5387 proter·
1217 5322 1291 5384 nes,
1323 5299 1381 5368 eod
1412 5298 1543 5367 ordines
1575 5303 1685 5385 potius
1716 5309 1824 5381 notat,
1857 5308 1916 5368 aot
1948 5299 2078 5371 diversa
2105 5299 2193 5369 ritae

1933 5419 1985 5477 ψ
