4762 6016
188 341 254 407 149
1087 337 1239 405 CAPU'P
1261 339 1288 406 I.
2129 338 2196 409 150

186 535 309 600 tandus
343 543 402 600 est.
450 533 602 600 Nondum
635 539 714 599 tuno
746 551 890 598 eramus:
924 552 1002 617 ergo
1036 531 1162 598 nullum
1215 542 1420 616 pennatorum
1457 533 1637 617 appositive
1673 535 1850 616 nuncupat.
1906 531 1981 615 Quo
2017 532 2193 618 signifieat,

186 621 339 687 exstabat
354 627 501 686 nostrum
518 620 680 685 meritum.
725 619 801 685 Non
820 620 957 703 igitura
980 618 1082 697 nobis,
1106 619 1164 684 sed
1215 619 1289 685 ideo
1312 639 1371 685 nos
1391 619 1577 702 redemptos
1599 640 1680 698 ease,
1703 618 1781 701 quia
1796 638 1862 684 non
1877 617 2084 701 imputentur
2099 620 2192 687 nobis

187 727 210 772 a
231 706 301 772 solo
318 704 390 771 Deo
413 704 556 788 prolaeta
577 716 628 777 est
649 703 763 770 salutis
778 716 909 770 nostrae
930 724 1038 770 eausa.
1079 705 1165 770 Pau·
1216 711 1358 789 peooata.
1401 704 1484 770 Inde
1506 707 1594 770 enim
1625 715 1675 770 est
1703 705 1850 788 gratuita
1878 705 2014 785 iustitia,
2044 724 2109 788 qua
2138 726 2193 772 ao·

187 791 242 858 lus
264 802 373 856 tamen
392 790 533 857 nondum
558 790 609 854 his
625 801 804 868 eontentus,
828 790 918 855 uddit
940 791 981 853 in
1004 810 1043 856 se
1065 790 1165 872 ipso.
1215 793 1301 875 oepti
1324 811 1436 855 sumus
1452 789 1533 869 Deo,
1557 811 1614 873 per
1636 811 1736 874 quam
1758 788 1910 855 adiaboli
1928 797 1963 856 et
1985 792 2101 857 mortis
2119 793 2193 857 viu·

188 878 252 943 lan
269 876 401 959 quidem
423 897 538 959 graues
560 876 604 952 εἰς
625 877 739 941 uiris:
768 876 825 941 sed
850 875 984 959 perinde
1006 876 1095 940 valet
1118 884 1165 940 at·
1216 877 1296 943 aulis
1322 876 1489 942 solvimur.
1533 876 1685 942 Notanda
1713 876 1815 960 igitur
1843 873 2018 960 diligenter
2047 887 2097 942 est
2127 878 2194 943 iata

188 983 255 1046 que
275 963 310 1029 ir
333 963 430 1048 αὐτῷ.
475 960 549 1043 Quo
571 963 742 1046 signifieat,
769 963 878 1028 Deum
900 981 966 1027 non
989 961 1165 1044 quaesiisse
1216 963 1384 1045 appositio,
1408 983 1492 1045 quae
1507 961 1740 1044 redemptionis
1763 960 1894 1028 modum
1913 961 2034 1027 definit.
2066 961 2192 1044 Quam-

189 1060 285 1115 extra
313 1051 476 1132 seipsum
504 1069 653 1114 eausam:
683 1048 740 1113 sed
762 1049 837 1131 quia
858 1049 905 1112 ita
927 1046 1076 1130 voluerit,
1106 1067 1166 1112 uos
1216 1046 1272 1111 diu
1291 1052 1379 1111 enim
1403 1068 1574 1114 manemus
1592 1048 1724 1113 obnoxii
1742 1046 1805 1113 Dei
1828 1047 1955 1127 iuditio,
1978 1049 2105 1114 miseris
2120 1050 2192 1114 vin·

188 1132 465 1219 praedestinasse.
500 1133 624 1198 Verum
643 1133 763 1200 elarius
786 1134 964 1198 etiamnum
981 1133 1065 1216 quod
1089 1153 1164 1196 mox
1216 1133 1298 1198 oulis
1320 1133 1487 1198 oonstrieti
1509 1154 1634 1198 sumus.
1679 1132 1814 1216 Ideoque
1842 1134 1998 1199 solution
2026 1138 2116 1201 reatu
2143 1135 2194 1200 in-

188 1221 347 1303 sequitur,
378 1218 596 1285 seoundum
625 1219 938 1302 beneplacitum
968 1218 1165 1283 volunta·
1216 1219 1425 1285 aestimabilis
1446 1224 1490 1284 est
1510 1219 1645 1285 tiberias.

189 1308 255 1370 tis.
301 1305 492 1373 Sutfioiebat
518 1306 686 1370 voluntas:
717 1305 800 1370 solet
828 1305 914 1370 enim
946 1325 1017 1369 eam
1041 1303 1165 1368 Paulus
1304 1303 1480 1370 Secundum
1512 1306 1653 1371 divitias.
1704 1303 1830 1369 Iterum
1864 1302 1950 1369 redit
1984 1304 2025 1369 ad
2060 1325 2193 1371 eausam

189 1392 339 1457 externis
372 1391 523 1456 omnihus
555 1393 663 1456 eausis
696 1409 867 1473 opponere,
905 1391 1021 1472 quibus
1055 1389 1164 1454 Deum
1217 1389 1425 1455 efficientem:
1466 1389 1539 1456 ideo
1572 1391 1665 1456 nobis
1698 1390 1812 1455 datum
1847 1409 1918 1456 esse
1952 1389 2192 1472 redemptorem

190 1479 361 1560 provooari
384 1477 482 1561 vulgo
505 1477 704 1542 existimant.
750 1475 816 1541 Sed
845 1476 984 1558 nequid
1008 1475 1164 1558 ambigui·
1218 1475 1396 1552 Christum,
1420 1476 1496 1558 quia
1520 1478 1611 1541 Deus
1634 1475 1866 1542 beneiaoieudo
1888 1475 2001 1560 largus
2023 1487 2081 1542 est.
2131 1476 2193 1540 Di·

190 1563 268 1627 tutis
292 1573 449 1643 maneret,
481 1564 632 1644 opposuit
654 1563 908 1644 beneplacitum:
939 1562 1024 1643 quod
1048 1581 1165 1625 nomen
1218 1563 1315 1627 vitias
1338 1572 1446 1626 autem
1470 1561 1524 1628 hio
1546 1563 1588 1628 ad
1609 1562 1894 1644 amplifioationem
1917 1563 2018 1644 ponit,
2040 1562 2138 1627 siouti
2160 1569 2194 1628 et

189 1650 303 1715 omnia
324 1650 441 1714 merita
469 1647 589 1713 diserte
611 1648 765 1712 exoludit.
809 1648 899 1730 Ergo
922 1647 1084 1711 Dominus
1107 1666 1166 1711 nos
1217 1646 1352 1712 verbum
1375 1647 1627 1712 exundandi.
1666 1647 1758 1713 Adeo
1780 1648 1841 1714 sibi
1864 1668 1929 1712 nou
1952 1657 2060 1730 potest
2082 1648 2115 1712 in
2138 1668 2195 1712 ex-

191 1734 387 1818 adoptaudo,
417 1754 483 1798 nou
506 1735 639 1816 respioit
660 1734 771 1816 quales
793 1735 905 1812 simus,
933 1754 993 1798 neo
1014 1731 1165 1798 eonoilia-
1218 1732 1361 1798 tollenda
1379 1733 1442 1798 Dei
1469 1733 1611 1799 bonitate
1633 1733 1828 1809 satisfaoere,
1854 1741 1889 1797 ut
1911 1743 1998 1800 totas
2020 1733 2193 1799 hominum

191 1836 247 1885 tur
268 1822 361 1886 nobis
384 1819 453 1884 ulla
475 1840 633 1902 personae
656 1828 787 1884 nostrae
808 1819 986 1902 dignitate:
1017 1818 1073 1884 sed
1100 1838 1167 1882 una
1217 1829 1344 1883 mentes
1373 1820 1443 1883 eius
1472 1819 1689 1883 admiratione
1715 1819 1895 1884 absorbeat.
1939 1820 2044 1901 Atque
2070 1820 2194 1884 utinam

190 1907 240 1971 illi
261 1927 361 1972 eausa
383 1915 432 1971 est
453 1904 689 1988 beneplaoitum
713 1915 893 1982 aeternum,
916 1924 978 1988 quo
1001 1923 1061 1969 nos
1076 1925 1167 1987 prae-
1217 1904 1275 1972 irae
1295 1925 1391 1987 quam
1410 1905 1600 1970 commendat
1618 1904 1741 1988 pretias
1772 1904 1930 1986 opulentia
1945 1905 2074 1986 penitus
2095 1905 2194 1969 imhu

192 1993 378 2058 destinavit.
438 1990 611 2071 Quomodo
646 1991 811 2073 sophistes
847 2011 913 2055 nou
950 1990 1050 2072 pudet
1086 1989 1166 2054 alios
1217 1996 1267 2056 tae
1286 1991 1420 2072 fuissent
1440 1991 1598 2056 mutuam
1619 1996 1742 2055 mentes.
1790 1990 1874 2071 Quia
1901 1990 2004 2056 mum
2028 2011 2089 2056 non
2112 2012 2196 2072 repe·

191 2090 356 2161 respeotus
379 2077 524 2156 miscere,
546 2097 645 2158 quum
663 2077 788 2141 Paulus
811 2087 876 2141 tam
901 2076 1075 2158 diligenter
1098 2096 1168 2157 pro·
1217 2078 1332 2142 rissent
1349 2076 1597 2157 satisfactionum
1617 2081 1832 2143 commentust
1852 2077 1930 2141 tates
1950 2098 2062 2160 stupae,
2080 2078 2196 2158 quibus

193 2165 303 2230 hibeat
325 2164 415 2228 aliud
431 2184 526 2244 quam
551 2161 657 2227 solum
673 2161 737 2226 Dei
760 2162 1000 2243 beneplacitum
1023 2160 1166 2225 intueri?
1214 2183 1391 2245 persuasus
1403 2164 1468 2243 fuit
1480 2163 1617 2228 mundus
1637 2183 1671 2228 se
1692 2163 1799 2242 ipsum
1820 2163 1987 2228 redimere:
2010 2184 2046 2228 ae
2060 2165 2091 2228 si
2108 2183 2194 2228 ares·

193 2251 339 2315 Tandem
363 2271 404 2314 ne
428 2249 503 2332 quid
523 2249 660 2328 deesset,
682 2247 806 2313 addidit
821 2249 956 2313 verbum
973 2246 1167 2332 ἐχαρίτωσεν
1218 2255 1295 2313 reret
1311 2247 1431 2314 Christi
1445 2250 1586 2332 sanquis,
1608 2249 1674 2313 nisi
1688 2249 1867 2313 adventitiis
1884 2249 2039 2313 subsidiis
2054 2249 2194 2314 adiutus.

192 2337 225 2401 ἐν
243 2336 361 2421 χάριτι.
405 2334 480 2414 Quo
506 2335 678 2417 signifieat,
705 2337 847 2417 gratuito
877 2355 942 2398 nou
967 2335 1167 2398 mercenario
1305 2335 1335 2399 8.
1365 2334 1407 2398 In
1435 2336 1519 2399 omni
1547 2335 1713 2415 sapientia.
1758 2333 1830 2398 Iam
1857 2335 1897 2397 ad
1920 2353 2050 2400 eausam
2075 2335 2195 2400 forma·

193 2443 303 2487 amore
318 2421 427 2486 Deum
447 2442 506 2486 noa
524 2420 693 2502 eompleeti
713 2441 799 2485 nune
817 2428 849 2484 et
867 2419 987 2483 habero
1005 2429 1165 2501 aoeeptos:
1219 2419 1283 2484 lem
1307 2420 1483 2496 deseendit,
1515 2442 1629 2502 nempe
1652 2419 1692 2482 ad
1722 2418 1884 2503 evangelii
1908 2419 2193 2502 praedieationsm,

193 2510 289 2572 siouti
317 2506 463 2571 noudum
490 2519 594 2582 natos,
623 2506 753 2571 aliunde
781 2525 921 2587 quama
951 2527 985 2569 se
1008 2507 1078 2587 ipso
1101 2526 1166 2569 non
1220 2528 1278 2588 per
1301 2527 1396 2587 quam
1420 2508 1454 2570 in
1480 2527 1539 2571 nos
1570 2505 1717 2570 exundat
1738 2505 1802 2569 Dei
1832 2505 1969 2570 bonitas.
2013 2504 2099 2569 Nam
2130 2504 2195 2570 fide

194 2601 398 2676 provocatus,
420 2593 526 2675 elegit.
573 2592 713 2657 Causam
738 2602 845 2656 tamen
873 2591 1075 2655 materialem
1098 2599 1166 2655 tam
1221 2591 1312 2656 nobis
1342 2593 1599 2657 eommunieatur
1621 2591 1785 2670 Christus,
1815 2610 1872 2672 per
1902 2589 2062 2673 quemad
2086 2591 2194 2655 Deum

194 2680 360 2744 eleetionis
397 2688 549 2743 aeternae
590 2697 687 2760 quam
735 2697 822 2742 nuno
859 2677 1010 2758 patefacti
1047 2677 1166 2740 amoris
1220 2680 1438 2759 pervenimus,
1460 2698 1633 2760 perquem
1657 2678 1795 2742 truimnr
1818 2677 2003 2758 adoptionis
2027 2676 2194 2741 bonefisio.

194 2768 285 2846 ponit
314 2763 551 2842 Christum,
583 2783 678 2845 quem
710 2763 904 2828 dileetum
934 2763 1095 2827 nominat:
1129 2770 1167 2826 ut
1218 2763 1324 2828 Porro
1336 2763 1543 2846 evangelium
1555 2762 1842 2845 ornataplendidis
1854 2763 1958 2827 titulis
1974 2762 2194 2845 sapientiae

193 2852 335 2915 seiamus
350 2849 413 2914 Dei
430 2870 572 2914 amorem
590 2853 624 2912 in
642 2870 700 2913 uos
715 2849 754 2914 ab
771 2848 825 2913 illo
840 2847 988 2912 diffundi.
1023 2845 1167 2912 Proinde
1220 2859 1259 2912 et
1296 2849 1561 2931 prudentiae,
1600 2859 1635 2912 ut
1668 2849 1846 2914 contrarias
1883 2868 1995 2913 omnes
2029 2848 2195 2913 doetrinae

193 2936 266 3002 ideo
296 2935 433 3000 dileotus
464 2945 513 2998 eat
542 2947 578 2999 ut
601 2954 661 2998 nos
692 2933 885 3000 reconciliet.
931 2934 1104 2997 Summum
1133 2943 1166 2996 et
1220 2935 1399 3018 despiciant
1421 2933 1564 3018 Ephesii.
1608 2934 1694 2998 Nam
1718 2934 1778 3000 hoe
1800 2934 1905 2999 eolore
1928 2955 1963 2999 se
1984 2934 2195 2999 insinuabant

196 3022 348 3086 ultimum
366 3023 462 3085 finem
487 3043 562 3085 mox
578 3019 739 3104 adiungit,
761 3020 935 3101 gloriosam
952 3018 1081 3082 laudem
1099 3019 1167 3083 eius
1220 3021 1487 3103 pseudoapostoli,
1521 3021 1692 3086 sublimius
1722 3041 1757 3085 se
1791 3019 1947 3101 quiddam
1976 3021 2093 3085 afferre
2126 3028 2194 3084 tra·

195 3115 307 3172 tantae
340 3110 473 3190 gratiae.
527 3106 683 3188 Quisquis
713 3127 789 3188 ergo
824 3105 910 3170 hane
942 3105 1079 3188 gloriam
1111 3106 1166 3168 oh·
1220 3106 1297 3171 ditis
1327 3106 1473 3171 aPaulo
1500 3107 1703 3171 rudimentis.
1749 3107 1795 3170 Et
1823 3106 1969 3169 diabolus
2001 3107 2098 3170 etiam
2128 3109 2195 3188 qulo

196 3198 322 3276 seurat,
359 3205 526 3258 aeteruum
561 3193 624 3256 Dei
658 3192 827 3257 eonsilium
861 3201 1006 3256 evertere
1039 3191 1167 3255 nititur.
1220 3192 1318 3256 fidem
1341 3203 1485 3257 nostram
1508 3193 1689 3267 labetaotet,
1713 3202 1871 3274 quantum
1887 3200 2001 3273 potest,
2024 3191 2194 3275 evangelio

196 3279 286 3344 uatis
307 3284 357 3344 est
377 3278 599 3360 sophistarum
624 3277 780 3357 doctrina,
802 3297 885 3359 quae
903 3277 1013 3341 omnia
1035 3296 1167 3342 sursum
1220 3277 1392 3343 detrahere
1420 3278 1560 3343 molitur.
1605 3278 1729 3344 Contra
1759 3276 1919 3360 evangelii
1949 3278 2109 3342 autoritas
2136 3275 2194 3340 ad·

196 3366 344 3430 deorsum
365 3376 481 3443 versat,
505 3386 547 3429 ne
569 3364 628 3428 uni
644 3363 716 3429 Deo
739 3364 772 3428 iu
796 3363 936 3428 solidum
959 3372 1028 3426 tota
1051 3361 1167 3427 salutis
1219 3365 1357 3428 struitur
1379 3362 1528 3441 aPaulo,
1550 3375 1586 3429 ut
1607 3383 1719 3429 seoura
1734 3364 1768 3428 in
1786 3384 1824 3428 eo
1847 3361 2054 3445 aequieseaut
2071 3362 2195 3428 fideles.

197 3461 325 3515 nostrae
347 3450 451 3534 gloria
473 3451 645 3515 tribuatur.
1220 3447 1338 3515 Omnis
1370 3451 1531 3532 sapientia
1559 3448 1689 3532 plenam
1722 3461 1779 3514 aut
1812 3450 1987 3531 pertsotam
2019 3449 2193 3532 signifieat.

1219 3535 1308 3615 Quia
1330 3545 1440 3600 autem
1474 3535 1630 3617 quosdam
1659 3536 1801 3601 terrebat
1823 3537 1962 3612 novitas,
1996 3533 2072 3598 huie
2094 3535 2193 3599 etiam

280 3621 310 3686 7.
333 3621 377 3687 In
398 3642 457 3704 qua
474 3621 622 3686 habemus
642 3621 880 3702 redemptionem
894 3640 955 3701 per
980 3619 1168 3702 sarrputuem
1219 3621 1322 3687 errori
1354 3623 1546 3703 tempestiva
1579 3620 1728 3699 oeourrit,
1762 3622 1840 3686 dum
1871 3631 1966 3686 vooat
1993 3639 2191 3686 areanum

195 3708 272 3789 eius,
294 3709 506 3774 reuiserenem
516 3712 723 3788 peecatorum,
752 3707 921 3771 seeundum
942 3706 1073 3771 diuitias
1093 3728 1168 3790 pra·
1220 3706 1390 3772 divinae
1417 3707 1671 3773 voluntatis:
1699 3707 1755 3771 sed
1785 3717 1894 3772 tamen
1923 3726 2079 3772 areanum
2105 3705 2191 3788 quod

195 3794 257 3859 tiae
277 3794 357 3875 eius,
400 3793 430 3859 8.
464 3813 529 3874 qua
550 3794 719 3858 mundavit
748 3794 782 3856 in
804 3812 860 3857 nos
880 3792 916 3855 in
938 3794 1021 3858 muni
1043 3793 1166 3873 sapien
1220 3813 1306 3857 nune
1343 3791 1434 3857 Deus
1473 3794 1656 3875 pateiaeere
1696 3792 1846 3858 voluerit.
1906 3791 2192 3872 Quemadmodum

196 3881 240 3943 tiu
262 3885 291 3943 et
306 3879 494 3960 prudentio:
533 3879 563 3942 9.
590 3880 744 3960 pmefaeto
760 3879 849 3944 nobis
869 3899 984 3944 ursano
998 3877 1167 3944 voluntatis
1219 3888 1328 3942 autem
1352 3878 1444 3961 prius
1473 3878 1640 3943 eleotionis
1665 3898 1797 3944 eausam
1820 3878 1884 3942 Dei
1913 3877 2113 3960 beneplaeito
2135 3876 2192 3942 ad·

196 3984 279 4044 suae,
310 3966 479 4030 seeundum
506 3963 726 4045 beneplacitum
749 3985 850 4043 suum,
879 3966 960 4047 quod
988 3966 1024 4028 in
1046 3983 1078 4028 se
1099 3965 1167 4044 ipso
1218 3965 1357 4046 seripsit,
1386 3963 1433 4029 ita
1454 3963 1553 4028 etiam
1581 3982 1669 4028 nune
1699 3964 1836 4029 eandem
1866 3964 1981 4029 statuit
2002 3983 2133 4029 eausam
2155 3964 2191 4027 in

192 4055 399 4132 proposuerat
448 4051 499 4115 10.
532 4053 567 4115 in
588 4051 850 4131 dispensationem
866 4050 1076 4130 plenitudinis
1096 4054 1167 4113 tem·
1219 4050 1405 4115 vocatione:
1433 4057 1470 4114 ut
1488 4058 1669 4133 agnoscant
1690 4048 1838 4133 Ephesii,
1860 4049 2029 4115 Christum
2057 4048 2128 4132 sibi
2141 4048 2191 4112 in·

194 4155 326 4215 porrum:
349 4141 384 4199 ut
403 4136 592 4220 recoiliperet
611 4137 719 4201 omitia
740 4138 774 4201 in
792 4135 923 4212 Christo,
945 4141 1011 4200 tarn
1032 4155 1111 4216 quae
1133 4136 1169 4199 iu
1218 4135 1364 4200 notuisse
1387 4145 1419 4199 et
1441 4135 1661 4217 praedicatum
1685 4135 1907 4220 evangelium:
1941 4136 2098 4216 nunquia
2119 4155 2192 4216 pro·

197 4221 288 4287 coetis
304 4226 385 4304 sunt,
407 4242 501 4303 quam
518 4242 598 4304 quae
615 4242 710 4303 super
727 4227 841 4286 terrum
859 4222 988 4302 inipso.
1031 4223 1081 4285 11.
1104 4220 1168 4284 Per
1219 4222 1325 4286 meriti
1349 4221 1523 4304 quidquam
1539 4221 1603 4286 tale
1621 4223 1752 4300 suerint,
1774 4222 1832 4286 aed
1847 4224 1922 4304 quia
1937 4220 2008 4286 Deo
2024 4220 2191 4303 plaouerit.

198 4326 286 4386 quem
308 4309 402 4372 etiam
422 4310 458 4371 in
479 4313 588 4372 senem
606 4308 719 4372 adsciti
739 4326 858 4385 sumus,
876 4308 1107 4389 praedestinati
1123 4327 1168 4372 se·
1304 4307 1334 4371 9.
1361 4306 1451 4387 Quod
1467 4308 1502 4372 in
1519 4327 1551 4372 se
1564 4309 1634 4389 ipso
1645 4313 1856 4389 proposuerat
1869 4308 1904 4371 in
1921 4307 2191 4388 dispensationem.

99 4448 105 4461 .
196 4393 333 4458 eundum
351 4395 549 4475 propesitum
571 4394 649 4472 eius,
679 4393 734 4474 qui
756 4394 862 4456 omnia
883 4393 976 4472 efficit
1000 4393 1168 4458 seeundum
1219 4392 1405 4457 Prudenter
1431 4392 1561 4476 singula
1584 4392 1698 4458 ordine
1727 4414 1786 4459 suo
1814 4393 1940 4478 digerit.
1986 4392 2075 4473 Quid
2104 4394 2192 4456 enim

198 4478 363 4543 eonsilium
391 4479 558 4544 uoluntatis
583 4498 675 4544 snae:
723 4479 772 4542 12.
794 4483 829 4542 ut
856 4478 957 4542 simus
986 4479 1021 4542 in
1043 4479 1168 4543 taudem
1220 4479 1355 4561 aequius
1377 4498 1474 4559 quarn
1496 4479 1556 4545 soli
1579 4478 1650 4543 Deo
1673 4490 1749 4544 uota
1771 4500 1843 4545 esse
1864 4498 1924 4544 sua
1945 4478 2087 4554 oonsilia,
2110 4498 2193 4559 quae

198 4564 318 4644 pieriae
339 4565 453 4646 ipsius,
474 4585 530 4629 uos
551 4565 608 4646 qui
629 4569 701 4630 ante
721 4564 918 4646 sprevimus
939 4564 974 4627 in
993 4562 1125 4629 Christe.
1220 4565 1368 4629 homines
1390 4565 1522 4641 lateant,
1553 4564 1708 4647 quamdiu
1730 4564 1816 4647 apud
1842 4586 1878 4631 se
1900 4585 1938 4628 ea
1964 4575 2075 4629 tenere
2098 4562 2194 4629 vult?

1219 4650 1351 4714 Rursus
1373 4670 1451 4714 vero
1473 4651 1506 4716 in
1531 4651 1602 4715 eius
1624 4650 1758 4715 arbitrio
1773 4669 1811 4715 ao
1831 4656 1994 4734 potestate
2009 4668 2090 4726 esse,
2113 4658 2194 4711 tem·

285 4734 314 4801 7.
338 4736 382 4800 In
398 4755 459 4817 que
475 4734 631 4802 tabernas.
668 4735 741 4800 Hoe
759 4734 799 4799 ad
818 4754 946 4799 eausam
967 4735 1166 4799 materialem
1219 4757 1280 4816 pus
1302 4735 1481 4818 praefigere
1503 4756 1567 4817 quo
1597 4738 1631 4800 in
1655 4736 1824 4800 hominum
1858 4736 2006 4801 notitiam
2035 4732 2191 4799 veniant?

199 4820 306 4886 adhue
328 4825 477 4904 pertinet.
522 4821 606 4885 Nam
635 4823 769 4903 exponit
798 4821 937 4902 qualiter
960 4821 1030 4885 Deo
1060 4841 1169 4886 reeen-
1218 4821 1404 4902 Utrumque
1426 4821 1527 4905 igitur
1543 4821 1650 4888 dooet:
1675 4823 1774 4887 tuisse
1788 4822 1946 4887 haetenus
1963 4818 2192 4886 abseonditum

199 4907 299 4972 eiliati
328 4908 485 4972 fuerimus
514 4927 572 4989 per
597 4906 783 4972 Christum:
815 4927 931 4989 nempe
959 4908 1037 4988 quia
1066 4917 1168 4971 morta
1217 4907 1299 4971 illud
1318 4905 1357 4970 de
1377 4906 1570 4991 adoptandis
1585 4909 1737 4991 gentihus
1752 4908 1918 4974 deeretum
1935 4907 1967 4971 in
1983 4906 2047 4972 Dei
2063 4911 2193 4983 mente,

200 5011 257 5057 sua
279 4993 522 5076 patrem‘nobis
544 4992 696 5075 plaeavit.
733 4992 823 5076 Ergo
837 5013 965 5075 semper
987 4993 1026 5055 ad
1043 4992 1170 5058 Christi
1218 4993 1265 5058 sio
1287 5000 1396 5057 tamen
1419 5003 1455 5057 ut
1480 5014 1580 5076 penes
1602 5013 1637 5058 se
1659 4993 1843 5059 eontineret
1864 4997 1973 5077 {usque
1995 4993 2036 5058 ad
2059 5003 2195 5075 tempus

200 5081 392 5162 sanguinem
416 5090 608 5144 eonvertere
638 5078 762 5142 animos
789 5088 926 5160 oportet,
961 5077 1037 5141 dum
1067 5080 1102 5142 in
1132 5099 1169 5143 eo
1219 5079 1437 5143 revelationis.
1489 5077 1527 5145 Si
1555 5080 1626 5161 quis
1660 5101 1746 5145 nune
1774 5092 1993 5163 conqueretur
2022 5100 2091 5144 rem
2122 5099 2193 5146 esse

200 5164 339 5246 gratiam
363 5164 559 5246 quaerimus.
603 5162 694 5230 Dieit
716 5173 833 5242 autem,
864 5164 1022 5247 sanguine
1045 5163 1170 5230 Christi
1220 5184 1339 5230 novam
1363 5175 1395 5229 et
1416 5165 1618 5244 insolentem,
1647 5166 1731 5246 quod
1754 5166 1787 5230 in
1809 5166 1977 5232 eoelesiam
2001 5172 2195 5249 eooptantur

200 5248 455 5334 redemptionem
473 5251 566 5317 nobis
588 5269 659 5315 esse
673 5258 810 5332 partam,
832 5271 929 5332 quam
945 5251 1169 5316 remissionem
1220 5251 1277 5334 qui
1305 5251 1403 5317 alieni
1432 5252 1561 5317 inerant
1594 5250 1724 5316 aDeo:
1755 5273 1864 5318 nonne
1893 5253 2026 5334 iniquus
2055 5257 2107 5317 est
2135 5255 2194 5336 qui

1939 5370 1989 5426 10*
