4762 6016
182 343 250 410 247
1021 340 1364 410 ARGUMEN'PUM.
2137 346 2206 414 248

182 534 300 618 reeipi,
326 530 384 600 sed
405 550 489 616 quae
511 531 581 633 tota
602 529 671 599 vita
692 529 849 616 probatas
871 530 912 596 ad
934 550 1058 598 annum
1079 551 1173 598 sexa·
1226 551 1289 597 non
1312 532 1484 597 assentior.
1508 530 1605 633 'Nam
1627 552 1728 616 quum
1747 530 1934 631 Paulussx
1957 532 2100 600 mnoulis
2122 536 2207 602 sori·

187 639 351 776 Ξέἳέἇέω
366 615 946 787 llllllfflillltltlltltt
960 616 1169 786 illitus,
1221 615 1580 770 liluttltltlt
1611 615 2017 788 “titilletur
2031 641 2202 790 tillut

190 789 356 859 traotandi
378 790 445 856 sint
466 796 538 855 tum
560 790 595 854 in
617 790 724 874 vista,
747 797 816 854 tum
838 790 872 854 in
896 787 1082 873 disciplina,
1111 788 1168 853 ad·
1222 809 1320 872 qnam
1342 787 1493 872 repudio,
1526 788 1591 874 dnp
1607 790 1688 856 ‘sem
1710 791 1819 857 lasere
1841 789 2038 858 Laodioeam
2060 792 2096 858 in
2118 793 2203 861 Asia

186 885 311 945 monet.
354 875 452 943 Hane
481 875 664 942 doetrinem
695 875 789 959 grevi
818 876 1055 942 oontestatione
1075 875 1169 959 qnasi
1222 876 1363 940 minore:
1405 895 1506 957 quum
1544 874 1682 941 alteram
1715 895 1782 942 non
1816 876 1981 944 eelebrent
2013 879 2201 963 seriptores.

188 964 310 1031 sensit:
326 962 497 1028 etiterum
512 961 664 1045 prohibet
679 980 721 1025 ne
736 981 817 1044 quos
832 970 955 1026 temam
970 962 1004 1026 in
1019 961 1168 1027 ordinem
1221 958 1351 1025 Deinde
1384 959 1510 1026 Paulus
1537 960 1746 1027 Timotheum
1776 960 1901 1046 Ephesi
1934 963 2129 1048 reliquerat,
2164 974 2203 1031 ut

187 1047 386 1135 presbyterii
397 1047 545 1131 resipiat.
573 1045 956 1112 Hortaturutlsvendae
973 1045 1168 1113 valetudinis
1222 1044 1389 1112 dsolnrsnt
1421 1045 1493 1113 eius
1522 1046 1641 1128 verba,
1674 1068 1775 1132 quum
1805 1049 1869 1114 iret
1898 1049 1934 1114 in
1962 1049 2202 1118 Maoedoniam.

186 1154 288 1204 eausa
309 1133 425 1203 vinnm
447 1131 538 1200 bibat
560 1152 665 1216 aquae
687 1132 767 1198 loeo.
806 1131 847 1197 In
870 1133 936 1198 fine
958 1131 1074 1215 sapitis
1097 1132 1171 1198 hor·
1221 1130 1319 1198 Hane
1348 1130 1520 1215 epistolam
1546 1139 1603 1198 ant
1624 1134 1756 1217 scripsit
1777 1154 1820 1200 ex
1841 1134 1975 1214 itinere,
2006 1136 2201 1220 prinsquam

187 1224 282 1287 tatur
315 1227 354 1286 ut
386 1221 421 1286 in
454 1218 597 1303 possetis
628 1218 764 1285 oeoultis
792 1217 949 1283 indioinm
980 1216 1168 1302 suspendat.
1222 1217 1299 1284 illue
1313 1217 1504 1302 appulisset,
1526 1227 1586 1285 aut
1607 1219 1672 1284 ism
1695 1219 1895 1302 proleotione
1916 1220 2070 1302 oonleota,
2092 1242 2204 1288 rever·

188 1305 295 1374 Sexto
319 1305 443 1389 eapite,
474 1304 514 1371 de
536 1324 707 1371 servornm
731 1304 836 1369 offieio
858 1304 1031 1388 praecipit:
1053 1312 1086 1368 et
1108 1303 1169 1369 hae
1222 1324 1289 1369 sus.
1332 1303 1434 1388 Atqui
1456 1302 1588 1388 longius
1609 1303 1838 1372 aMnoedonia
1860 1304 1982 1372 distare
2001 1305 2201 1375 Isaodioeam

187 1391 357 1459 ooossione
370 1391 406 1456 in
429 1390 528 1457 falsos
550 1389 699 1457 dootoras
720 1389 899 1470 invehitur,
920 1391 974 1472 qui
997 1389 1037 1455 de
1058 1389 1171 1455 otiosis
1222 1395 1360 1470 oonetat,
1382 1409 1478 1472 qnam
1501 1388 1669 1473 Ephesum
1692 1392 1808 1475 ipsam.
1844 1390 1957 1475 Neque
1979 1412 2093 1459 rursus
2116 1395 2203 1460 reri·

189 1476 467 1562 speonlationibus
492 1476 653 1561 litigando
674 1475 823 1560 quaestui
839 1476 945 1560 magis
959 1496 1058 1559 quam
1081 1474 1170 1541 aedi·
1222 1475 1331 1541 simile
1353 1484 1413 1553 est,
1442 1477 1551 1559 ipsum
1573 1478 1608 1541 in
1630 1475 1738 1542 reditu
1760 1478 1937 1561 praeterita
1958 1477 2093 1562 Epheso
2115 1478 2202 1546 Lao·

189 1562 339 1630 lieetioni
368 1562 487 1630 intenti
516 1571 612 1627 sunt:
642 1571 675 1628 ot
702 1581 800 1645 quam
830 1561 968 1627 exitiosa
996 1561 1041 1626 sit
1067 1561 1170 1644 pestis
1223 1559 1347 1627 dioeam
1377 1581 1413 1626 ss
1440 1561 1633 1628 sustulisse:
1663 1563 1858 1647 praesertim
1887 1583 1989 1647 quum
2018 1563 2098 1631 illue
2122 1586 2200 1631 enm

188 1650 341 1731 avaritia,
356 1648 461 1717 dooet.
491 1648 574 1714 Inde
589 1649 709 1713 iterum
725 1646 767 1713 ed
781 1647 1053 1714 contestationem
1070 1646 1171 1730 priori
1223 1646 1346 1712 multae
1384 1667 1502 1713 oeusae
1542 1657 1705 1714 sonarent
1760 1648 1877 1732 Itaque
1908 1649 2014 1733 magis
2047 1649 2202 1717 existimo

188 1735 331 1801 similem
353 1734 545 1814 revolvitur,
572 1755 614 1800 ne
636 1733 759 1800 frustra
780 1732 953 1798 Timotheo
975 1731 1055 1799 haee
1078 1751 1170 1814 prae-
1222 1731 1354 1798 aliunde
1375 1753 1447 1798 eum
1469 1732 1647 1817 seripsisse.
1684 1733 1892 1819 Quamquam
1914 1733 1976 1802 hoo
1997 1736 2105 1819 ipsum
2127 1756 2196 1803 non

187 1821 323 1905 sepsrit.
367 1818 439 1886 Sub
468 1822 584 1897 finem,
615 1828 787 1903 postquam
817 1819 921 1885 obiter
950 1818 989 1883 de
1012 1817 1170 1884 divitibus
1221 1825 1272 1884 est
1294 1819 1378 1883 tanti
1402 1827 1439 1883 nt
1462 1818 1560 1885 velim
1589 1840 1664 1886 oum
1695 1819 1962 1887 dissentientibus
1983 1820 2199 1888 oontendere:

180 1906 355 1984 meminit,
385 1907 506 1972 iterum
527 1904 680 1990 prohibet
701 1903 874 1972 Timotheo
896 1924 938 1971 ne
960 1922 995 1970 se
1016 1901 1170 1970 inanibus
1221 1904 1351 1970 fruator
1382 1906 1520 1988 quisque
1552 1925 1612 1972 suo
1645 1905 1780 1973 iudioio:
1816 1913 1947 1974 mntem
1979 1905 2090 1975 indioo
2122 1906 2200 1992 quid

186 1989 347 2058 doetrinis
360 1990 406 2057 im
450 1990 529 2058 dist.
556 1989 625 2058 Val
649 1998 722 2057 atae
736 1989 940 2057 Grseoornm
954 1989 1169 2073 inseriptioni,
1221 1991 1325 2076 magis
1346 1989 1390 2056 sit
1411 1989 1498 2076 (meo
1519 1989 1652 2077 indioio)
1672 1991 1849 2077 probabile.

182 2096 273 2160 quas
293 2076 394 2145 habet
482 2099 500 2146 o
522 2013 696 2162 epistolam
718 2077 820 2146 fuisso
839 2076 1004 2144 Laodioes
1025 2076 1168 2154 missam,
