4762 6016
191 464 256 530 445
811 458 860 523 IN
886 455 1153 522 nplsuonsm
1177 457 1240 521 AD
1264 454 1580 521 PHILEMONEM
2126 453 2190 520 446

279 657 331 722 10.
358 654 447 740 Repo
470 675 532 739 pro
556 653 635 736 lidio.
679 652 843 735 Quoniam
872 651 983 716 minus
1012 647 1166 733 ponderis
1217 648 1370 715 eoelesiee
1392 650 1478 714 rioes
1501 648 1582 713 obit:
1607 646 1692 713 unde
1714 647 1870 728 seqnitur,
1897 665 2104 713 eommunem
2126 649 2190 733 piis

193 745 315 811 habere
344 742 451 808 solent
477 759 591 826 preses
618 739 733 823 quibua
755 736 847 803 nulla
875 738 980 803 iustae
1002 754 1165 802 oommen·
1217 736 1367 800 omnibus
1395 755 1508 800 ouram
1540 753 1599 816 pro
1626 734 1697 816 ipso
1726 731 1925 812 incumbere,
1959 753 2001 797 ne
2030 733 2065 797 in
2090 735 2189 802 unius

193 829 333 897 dationis
354 847 454 895 eausa
475 827 596 904 subest,
616 825 758 892 ostendit
779 822 904 890 Paulus
926 841 961 886 se
984 821 1165 887 neeessario
1216 819 1357 884 hominia
1388 840 1525 902 persona
1547 818 1755 902 evangelium
1778 817 1946 884 deserant:
1975 818 2072 883 siouti
2094 839 2191 902 saepe

192 915 298 983 olfioio
318 913 435 980 addnoi
457 924 493 978 ιιι
515 932 575 996 pro
597 910 754 977 Onesimo
776 906 966 974 interoedet.
1001 906 1066 973 Hie
1090 927 1166 970 vero
1216 906 1288 970 lieri
1309 905 1400 971 solet.

192 1000 542 1153 3⁹⁰”212mliumffi
564 991 1165 1146 expendetmfuqlllmmtsld‘elllillll'
1303 1008 1354 1076 14,
1394 1007 1435 1075 Ut
1466 1029 1528 1074 mm
1559 1007 1662 1090 quasi
1716 1005 1789 1072 Hos
1821 1027 1864 1071 ex
1896 1005 2042 1107 generali
2064 1005 2190 1107 ,¹⁸⁰8qu

192 1106 289 1272 olle
311 1094 962 1269 aldlmllmlidithumllllltb,
982 1098 1165 1228 hatti.
1216 1091 2190 1280 {ltl‘tlldtlrlthtl‘rtllt'tlitdlitllt‘..dl

192 1256 371 1426 zt‘tl:
389 1265 541 1406 33
561 1263 705 1406 :sia
733 1251 961 1421 33.ιί
985 1248 1164 1401 areu:
1216 1264 1523 1437 333333
1553 1261 2190 1433 §.taeta:itheth

570 1426 684 1591 33
701 1422 825 1574 ιιι

193 1600 312 1676 anime,
335 1608 368 1663 et
387 1533 605 1663 fidzgrfflt.ex
627 1593 752 1674 auditu,
781 1594 854 1660 ideo
876 1592 1040 1658 doetrinae
1062 1591 1165 1691 admi:
1216 1533 1569 1692 gffiolpuaenmgoffilao
1589 1540 1741 1688 inam,
1763 1540 1899 1671 3013·ᾱαῖ
1917 1526 2191 1673 haeream

192 1685 296 1752 nister
317 1684 420 1766 petris
442 1682 530 1748 rioes
556 1683 651 1767 gerit.
695 1678 825 1745 Deinde
852 1699 951 1762 quum
973 1697 1080 1744 sermo
1102 1676 1166 1741 Der
1216 1698 1360 1761 masur.
1399 1693 1517 1759 Nom„
1531 1693 1624 1757 etiam
1645 1692 1775 1774 dmum
1795 1696 1841 1757 035
1862 1692 1942 1772 quod
1956 1690 2080 1757 Paulus
2093 1712 2188 1774 pm.

192 1769 233 1836 ab
261 1769 394 1834 homine
422 1767 628 1853 praedioetns
655 1786 767 1832 semen
798 1765 842 1831 eit
871 1764 959 1830 vitas
996 1768 1165 1861 aeternae:
1217 1782 1302 1847 pm„
1326 1780 1472 1860 emporis
1493 1777 1618 1860 “apum
1632 1797 1695 1860 pro
1720 1776 1895 1842 Omnem
1916 1797 2092 1860 mom,
2122 1798 2190 1843 mu.

193 1876 259 1922 non
280 1855 401 1920 mirum
428 1863 479 1919 est
506 1875 581 1918 eum
614 1853 724 1920 vooari
747 1860 883 1934 patrem,
907 1869 958 1949 ‘ex
989 1869 1082 1915 ouius
1111 1868 1166 1913 ore
1217 1872 1316 1932 mum
1336 1885 1401 1931 3333
1423 1864 1578 1948 affirmat,-
1606 1883 1643 1928 αθ
1663 1883 1702 1927 ne
1723 1863 1837 1928 dubiret
1859 1861 2034 1941 Philemon,
2056 1865 2120 1930 (1150
2141 1865 2190 1929 tn.

192 1961 303 2007 semen
324 1939 407 2005 illud
428 1940 639 2022 oonoipimus.
675 1937 883 2036 Quemquam
905 1947 1031 2000 interea
1055 1947 1167 1999 tenen-
1215 1954 1305 2036 ymo
1333 1957 1361 2016 ep
1389 1951 1478 2015 „0053
1498 1949 1636 2014 moribus
1659 1968 1781 2012 servum
1802 1949 1845 2013 ad
1865 1969 1899 2013 33
1920 1948 2033 2029 redire,
2066 1948 2190 2016 Paphus

189 2025 268 2092 dum
301 2035 360 2102 est,
404 2025 451 2092 sio
483 2026 600 2091 elfioax
632 2043 704 2090 esse
734 2042 913 2121 :namma
939 2018 1167 2120 'regenero-uda
1216 2036 1546 2118 equsmppqsoenpiam
1556 2035 1688 2118 prom
1701 2035 1903 2116 apameno
1924 2033 1985 2099 sipi
2006 2040 2190 2119 mmmm

189 2111 334 2179 hominis
356 2111 584 2188 ministerium,
611 2120 649 2176 ut
670 2129 801 2193 proprie
825 2109 915 2172 Deus
937 2127 1006 2191 ipse
1028 2109 1166 2190 spiritns
1216 2143 1282 2190 3330
1302 2123 1388 2189 picit,

190 2199 241 2264 sui
257 2196 378 2263 virtuts
392 2210 575 2281 regeneret.
608 2195 718 2276 Quare
732 2195 816 2260 istae
831 2192 1039 2276 loquutioues
1056 2190 1165 2257 Denm

191 2302 263 2350 eum
294 2282 482 2347 homiuibus
513 2284 549 2348 in
578 2293 743 2347 oertamen
776 2279 910 2344 minime
939 2278 1163 2342 oommittunt:

191 2367 248 2434 sed
269 2377 398 2434 tantum
419 2367 597 2433 ostendunt
619 2367 696 2451 qnid
718 2386 776 2450 per
797 2363 945 2429 homines
965 2360 1056 2428 Dens
1078 2369 1164 2447 egat.

192 2452 304 2535 Quum
328 2454 414 2530 dioit,
443 2473 481 2519 se
501 2454 542 2518 in
568 2450 754 2517 vinoulis
784 2449 998 2534 genuinae,
1027 2449 1165 2514 eironm·

191 2538 313 2606 stantia
334 2537 415 2604 baso
435 2537 709 2605 oommendatioui
730 2535 821 2601 addit
843 2534 980 2618 pondus.

1303 2327 1354 2394 lb.
1377 2323 1470 2391 Forte
1484 2326 1566 2391 enim
1585 2325 1653 2389 ideo
1673 2330 1840 2406 separatus
1858 2325 1922 2407 suit
1943 2325 1986 2390 od
2007 2331 2134 2408 temptas,
2156 2332 2192 2392 ut

1211 2418 1360 2498 perpetro
1381 2433 1451 2477 oum
1472 2413 1628 2476 retinerer.
1675 2410 1725 2474 16.
1745 2411 1818 2476 Non
1838 2413 1905 2478 iam
1926 2416 1961 2475 ut
1980 2431 2114 2495 amm,
2135 2411 2192 2478 ead

1216 2521 1310 2582 :repar
1329 2519 1454 2563 aarum
1481 2497 1611 2579 fratrea
1639 2495 1784 2562 dilectum
1803 2498 1940 2562 monime
1959 2497 2050 2578 mibi,
2075 2502 2191 2578 prtem

279 2625 330 2690 12,
353 2623 465 2707 mum,
494 2623 549 2690 po,
576 2628 621 2689 333
641 2624 762 2689 „qm
782 2641 863 2686 m
907 2618 999 2685 Nihil
1022 2616 1062 2683 ,d
1085 2618 1164 2683 mol,
1215 2586 1318 2669 mopis
1339 2584 1396 2650 tibi
1416 2584 1451 2648 ιἰι
1472 2602 1565 2648 corne
1585 2587 1613 2646 et
1633 2579 1847 2648 inDomieo?
1892 2582 1943 2649 17.
1964 2582 2001 2648 Si
2021 2584 2120 2666 ipitar
2140 2603 2190 2650 nte

192 2711 338 2777 liendam
360 2708 562 2775 Philemonis
591 2709 794 2774 iratundiam
822 2705 987 2804 elfioeoius
1018 2704 1080 2768 diei
1102 2725 1164 2804 po·
1216 2671 1309 2737 lab&
1336 2674 1513 2770 mmm
1533 2686 1678 2817 m
1693 2687 1767 2819 ΜΖ
1788 2673 2027 2820 ww&
2055 2669 2123 2820 4³38·
2144 2668 2192 2821 3⁴.

191 2799 263 2862 tuit.
307 2795 392 2861 Nam
423 2796 506 2859 siin
529 2814 661 2859 servum
685 2813 780 2858 snum
803 2790 1163 2872 fuissetrmplaoabrlrs,
1216 2776 1380 2924 simila
1390 2776 1444 2905 13²
1470 2775 1524 2923 go
1546 2775 1808 2924 Paulusrscffipsi
1821 2775 1897 2906 limga
1918 2802 2022 2906 manus
2058 2775 2192 2924 09091ἒοί

2016 2889 2025 2923 ἳ

191 2875 1165 3047 ¹2³¹...itt.diffiditur...tetih..illati
1217 2949 1306 2994 ....-
1326 2934 1361 2992 a
1380 2946 1420 2992 ..0
1440 2925 1543 2991 a...
1564 2923 1620 2989 te
1642 2925 1723 3005 ...a
1744 2931 1771 2991 et
1791 2927 1925 3006 aram
1946 2925 2025 2992 ..a
2046 2926 2141 2992 aa...

191 3060 225 3118 et
257 3071 416 3129 erronem,
450 3051 592 3133 reoipare
625 3047 861 3132 quodammodo
887 3046 921 3112 in
950 3067 1010 3111 sua
1039 3048 1165 3113 viseere

190 3158 258 3206 nou
287 3136 459 3215 dubitarit,
489 3144 526 3199 nt
555 3133 598 3199 ab
625 3133 795 3200 iraeundie
823 3131 945 3197 domini
977 3133 1028 3197 sui
1056 3140 1164 3216 prote-
1303 3131 1353 3198 15.
1376 3129 1470 3197 Forte
1495 3129 1578 3195 enim
1598 3129 1667 3195 ideo
1688 3136 1864 3215 sapardus.
1909 3130 1946 3198 Si
1969 3129 2046 3215 quid
2068 3152 2109 3196 ex
2131 3131 2189 3196 ho·

214 3233 292 3292 eret.
337 3223 384 3288 Bt
408 3229 496 3289 oerte
521 3221 550 3288 si
573 3240 631 3287 suo
654 3221 757 3303 pretio
779 3218 914 3283 anobis
936 3218 1164 3283 aestimaretur
1216 3221 1340 3285 minum
1373 3218 1512 3302 peooatis
1542 3215 1728 3281 iraoundiae
1760 3217 2001 3296 contraximus,
2044 3216 2188 3300 mitigeri

188 3245 332 3378 leminis
347 3309 389 3374 ad
404 3308 513 3374 Deum
528 3306 705 3381 conversio,
724 3304 835 3370 eodem
851 3304 949 3369 modo
964 3324 1021 3370 nos
1037 3324 1164 3387 quoqne
1215 3305 1375 3382 eonvenit,
1398 3302 1453 3368 nbi
1470 3302 1617 3368 videmus
1638 3322 1719 3385 quse
1740 3322 1892 3385 perverse
1914 3302 2032 3385 alioqui
2055 3311 2191 3387 egerant

188 3395 460 3478 ampleoteremur
490 3414 571 3477 qnos
600 3393 726 3459 sineere
748 3400 781 3456 et
803 3389 924 3473 absque
953 3391 1026 3455 loeo
1048 3390 1163 3473 resipi·
1217 3392 1279 3457 Dei
1307 3389 1444 3457 oonsilio
1472 3388 1506 3453 in
1535 3386 1635 3452 alium
1657 3388 1758 3453 finem
1780 3410 1938 3456 eonversa
1960 3410 2040 3455 ease.
2084 3389 2191 3457 Laeta

186 3479 297 3561 puisse
319 3488 491 3546 oonstaret
901 3527 906 3544 .
1216 3478 1294 3541 atim
1309 3473 1518 3557 oatastropha
1533 3475 1568 3537 in
1589 3473 1685 3539 melis
1707 3475 1799 3556 quasi
1820 3476 1999 3541 remedium
2022 3488 2081 3555 est,
2102 3474 2188 3558 quod

276 3563 327 3628 13.
354 3562 597 3644 Qttemoolabom
611 3563 699 3646 oprtd
717 3582 776 3628 nte.
811 3561 911 3628 Aliud
934 3570 1162 3645 argumentum
1216 3562 1309 3628 uobis
1337 3563 1379 3627 ad
1407 3559 1563 3626 delendas
1601 3560 1743 3625 offensas
1779 3560 1843 3627 Dei
1873 3581 1972 3627 manu
2002 3561 2188 3644 porrigitur.

190 3645 371 3732 mitigando
403 3646 606 3727 Philemoni,
648 3647 735 3731 quod
770 3668 902 3714 serrum
936 3648 983 3712 illi
1016 3648 1164 3714 remittet
1216 3648 1269 3713 lta
1290 3647 1419 3730 Ioseph,
1449 3646 1527 3710 dum
1550 3644 1734 3711 admirabili
1756 3648 1820 3712 Dei
1842 3646 2045 3731 providentia
2067 3646 2189 3711 ieotnm

189 3733 324 3811 Paulus,
354 3733 446 3797 ouius
472 3730 655 3797 ministerio
677 3732 819 3796 maxime
841 3732 963 3816 alioqui
984 3733 1162 3816 indigebat.
1215 3753 1286 3799 esse
1309 3742 1439 3816 reputat
1460 3740 1506 3809 ut,
1530 3751 1589 3813 pro
1613 3732 1774 3816 manoipio
1797 3734 1959 3815 venditus,
1987 3732 2023 3795 in
2046 3750 2119 3796 eom
2141 3740 2189 3796 ta·

190 3817 324 3886 Fuisset
351 3819 438 3883 enim
460 3815 688 3895 inhnmanum,
717 3817 781 3881 tale
802 3817 898 3882 Pauli
920 3817 1064 3883 studium
1088 3821 1162 3882 reii·
1215 3841 1291 3884 men
1324 3820 1432 3885 looum
1466 3829 1598 3883 ereetus
1630 3817 1714 3882 foret
1743 3818 1830 3883 unde
1860 3819 1976 3883 iratres
2007 3827 2040 3881 et
2061 3826 2190 3898 patrem

191 3924 274 3972 oere.
318 3904 364 3970 Et
385 3901 568 3969 subindioat
589 3922 657 3966 uon
678 3902 847 3986 ingratum
869 3901 930 3968 sibi
951 3903 1020 3967 lore
1042 3924 1163 3968 munus
1215 3904 1302 3971 alere
1332 3913 1451 3986 posset,
1480 3903 1633 3984 perfidiae
1662 3912 1696 3968 et
1721 3903 1922 3970 erudelitatis
1945 3902 2083 3968 fratrum
2107 3901 2189 3967 obli·

191 3991 219 4059 si
248 3990 448 4056 remittatur:
481 3994 517 4052 ut
544 3987 577 4052 id
606 3988 663 4052 liet
688 3987 796 4069 potins
818 4006 917 4070 qnam
939 3987 1027 4052 domi
1048 4008 1163 4070 sepem
1216 4000 1277 4068 tue,
1301 4011 1335 4056 se
1359 3989 1573 4072 praemissum
1595 4008 1666 4053 esse
1688 3988 1766 4055 dioit
1787 4011 1899 4054 eornm
1921 4008 2029 4054 oense.
2067 3986 2189 4053 Paulus

191 4085 358 4149 traetetur.
394 4073 597 4156 Quamquam
616 4073 708 4138 addit
729 4073 826 4137 otiam
849 4073 929 4138 alias
951 4075 1162 4139 oiroumstan·
1215 4096 1293 4159 ergo
1320 4076 1409 4141 servi
1437 4075 1516 4158 iuga
1539 4093 1606 4138 nou
1629 4072 1746 4140 debere
1768 4083 1939 4158 tantopere
1961 4072 2188 4139 Philemonem

192 4162 265 4246 tias,
287 4160 372 4245 quod
390 4159 512 4226 domini
529 4160 617 4228 vises
637 4159 672 4223 in
694 4158 851 4224 eiusmodi
872 4159 978 4225 olfioio
1000 4159 1164 4243 supplebit
1215 4160 1337 4226 offendi
1369 4161 1529 4236 admonet,
1563 4160 1638 4242 quia
1668 4159 1744 4225 boni
1777 4182 1842 4225 non
1871 4159 2058 4243 poenitendi
2090 4178 2188 4224 oeusa

192 4245 383 4314 Onesimus:
410 4243 526 4311 deinde
547 4245 634 4328 quod
655 4245 725 4329 ipse
750 4244 928 4309 modestiae
956 4265 1053 4311 oense
1080 4244 1162 4310 nihil
1215 4247 1321 4312 luerit.
1377 4245 1461 4311 Nam
1494 4265 1593 4328 quum
1626 4247 1735 4311 animo
1768 4254 1853 4313 esset
1885 4246 2058 4328 fugitivus,
2094 4244 2187 4309 illum

192 4331 233 4399 de
260 4334 334 4398 inre
354 4330 559 4398 Philemonis
581 4329 750 4396 detrahere
772 4329 927 4396 voluerit:
957 4331 1053 4395 tertio
1075 4331 1162 4414 qnod
1215 4332 1303 4398 domi
1332 4352 1409 4398 snae
1438 4328 1562 4396 hebens
1585 4329 1770 4415 Philemon,
1803 4352 1869 4396 non
1891 4351 1970 4396 vere
1991 4329 2188 4414 possidebat:

191 4418 265 4502 plue
278 4415 384 4484 laudis
399 4417 569 4483 habiturus
585 4417 629 4481 sit
643 4415 825 4493 Philemon,
848 4417 876 4480 si
898 4416 1060 4482 redditum
1083 4436 1162 4482 suae
1215 4438 1315 4501 quum
1333 4437 1455 4502 pravus
1470 4437 1540 4482 esse
1561 4436 1600 4481 ao
1620 4415 1751 4495 infidus,
1774 4437 1840 4482 non
1862 4426 1990 4500 poterat
2011 4417 2083 4500 ipso
2104 4435 2189 4482 oom-

231 4504 346 4569 testari
373 4523 507 4569 servum
535 4503 621 4568 ultro
653 4515 686 4566 et
707 4500 885 4566 liberaliter
906 4503 1061 4567 remittat.
1106 4503 1159 4568 lix
1214 4503 1308 4569 mode
1337 4504 1411 4568 frui.
1454 4499 1547 4568 Dioit
1575 4522 1652 4586 ergo
1673 4502 1837 4584 paulisper
1860 4511 2013 4586 rogatum
2037 4522 2118 4585 esse,
2150 4508 2188 4567 ut

215 4610 253 4656 oo
281 4597 388 4655 antem
418 4596 581 4672 postremo
603 4587 795 4670 oolligimns,
822 4586 1066 4670 quibusounque
1088 4606 1161 4671 pos·
1213 4587 1319 4655 looum
1339 4585 1495 4653 motando
1518 4587 1601 4653 alins
1622 4589 1726 4673 fieret,
1747 4607 1785 4652 ao
1807 4587 1927 4654 rediret
1950 4608 2056 4654 novus
2078 4586 2185 4652 homo.

191 4695 305 4741 sumus
325 4673 441 4739 oflioiis
462 4673 621 4739 iuvandos
642 4693 712 4738 esse
734 4672 858 4738 Obristi
881 4682 1053 4757 martyres,
1082 4673 1161 4739 dum
1214 4674 1258 4739 rt:
1287 4672 1465 4758 prudenter
1494 4675 1604 4738 omnia
1632 4683 1802 4757 temperat,
1831 4693 1932 4756 quum
1961 4674 2073 4756 fugam
2095 4679 2189 4737 vooet

190 4779 250 4843 pro
278 4758 438 4842 evangelii
468 4758 651 4824 testimonio
679 4757 839 4823 laborant.
883 4757 966 4823 Nem
996 4761 1022 4824 si
1051 4759 1160 4844 exilia,
1215 4758 1408 4825 dieoeesum:
1447 4768 1481 4823 et
1509 4759 1616 4838 addit,
1649 4759 1743 4823 illum
1775 4759 1821 4824 ad
1852 4769 2012 4842 tempus
2041 4758 2185 4823 fnisse.

190 4864 346 4925 oarosres,
367 4843 506 4928 flagella,
529 4843 751 4946 oontumelias,
775 4844 933 4910 bonorum
954 4843 1162 4944 spoliationes
1214 4845 1383 4945 Postremo
1397 4845 1489 4909 brevi
1504 4846 1647 4911 ieotnrae
1661 4842 1821 4944 oomumodi
1836 4864 1913 4910 usus
1935 4845 2187 4942 perpetuitatem

191 4929 1046 5098 ttttltttztt'dtd:reddidit
1061 4940 1163 5100 :tlt
1213 4929 1651 5100 :odalhdttztttt
1666 4927 2187 5082 :tlttttlttsthtltt

191 5112 276 5187 oeps,
309 5121 344 5167 se
372 5120 393 5167 a
421 5098 554 5167 Christo
581 5101 652 5184 ipso
679 5110 818 5183 separat.
867 5099 1046 5166 Commune
1074 5111 1163 5168 eerte
1214 5101 1400 5180 Onesimus,
1433 5109 1473 5165 nt
1503 5102 1589 5185 frugi
1609 5121 1725 5168 servus
1746 5122 1817 5166 esse
1838 5101 1988 5183 inoipiat:
2021 5099 2079 5166 sod
2100 5099 2186 5182 quod

191 5186 344 5254 omnibus
383 5197 434 5252 est
473 5187 635 5272 evangelii
672 5187 898 5272 petrooiniom.
953 5187 1068 5269 ltaque
1106 5188 1163 5270 qni
1214 5188 1318 5254 faetus
1345 5187 1389 5253 eit
1416 5184 1538 5253 domini
1567 5189 1676 5252 irater.
1725 5186 1830 5253 Porro
1858 5206 1900 5251 ue
1928 5187 2051 5253 reeenti
2079 5184 2186 5251 adhue

192 5273 261 5341 eine
293 5294 392 5340 nausa
424 5273 705 5356 persequutionem
737 5272 893 5355 sustinet,
925 5293 992 5337 non
1026 5275 1092 5339 iam
1124 5283 1163 5339 ut
1215 5274 1339 5340 offensa
1366 5271 1575 5340 exuloeratns
1595 5274 1724 5340 animus
1746 5273 1926 5338 fraternum
1948 5292 2067 5339 nomen
2088 5290 2187 5356 aegre

191 5360 341 5446 privatus
370 5359 530 5445 quispiam
559 5357 727 5426 habendus
754 5369 819 5437 est,
847 5358 906 5425 sed
933 5360 989 5442 qni
1018 5358 1164 5444 publioas
1215 5359 1411 5441 admitteret,
1443 5358 1566 5427 Paulus
1593 5359 1689 5427 illum
1714 5358 1822 5443 primo
1842 5358 1913 5426 loeo
1935 5358 2106 5425 tratrem
2127 5375 2185 5440 ag·
