<?xml version="1.0" encoding="UTF-8"?>
<!DOCTYPE html PUBLIC "-//W3C//DTD XHTML 1.0 Transitional//EN"
    "http://www.w3.org/TR/xhtml1/DTD/xhtml1-transitional.dtd">
<html xmlns="http://www.w3.org/1999/xhtml" xml:lang="en" lang="en">
 <head>
  <title>
</title>
<meta http-equiv="Content-Type" content="text/html;charset=utf-8" />
  <meta name='ocr-system' content='tesseract 3.04.00' />
  <meta name='ocr-capabilities' content='ocr_page ocr_carea ocr_par ocr_line ocrx_word'/>
</head>
<body>
  <div class='ocr_page' id='page_1' title='image "./ioanniscalvinio00calvgoog_0415.png"; bbox 0 0 4762 6016; ppageno 0'>
   <div class='ocr_carea' id='block_1_1' title="bbox 186 387 2211 460">
    <p class='ocr_par' dir='ltr' id='par_1_1' title="bbox 186 387 2211 460">
     <span class='ocr_line' id='line_1_1' title="bbox 186 387 2211 460; baseline -0.003 -2"><span class='ocrx_word' id='word_1_1' title='bbox 186 392 240 458; x_wconf 63' lang='grc' dir='ltr'><strong>ᾔ..</strong></span> <span class='ocrx_word' id='word_1_2' title='bbox 797 389 942 459; x_wconf 70' lang='lat' dir='ltr'><strong>larisa.</strong></span> <span class='ocrx_word' id='word_1_3' title='bbox 964 390 1107 460; x_wconf 77' lang='lat' dir='ltr'>PAULI</span> <span class='ocrx_word' id='word_1_4' title='bbox 1127 389 1194 459; x_wconf 79' lang='lat' dir='ltr'><strong>AD</strong></span> <span class='ocrx_word' id='word_1_5' title='bbox 1216 387 1557 459; x_wconf 75' lang='lat' dir='ltr'><strong>anlrt’ttustta</strong></span> <span class='ocrx_word' id='word_1_6' title='bbox 2145 390 2211 460; x_wconf 74' lang='lat' dir='ltr'><strong>us:</strong></span> 
     </span>
    </p>
   </div>
   <div class='ocr_carea' id='block_1_2' title="bbox 185 584 2252 3413">
    <p class='ocr_par' dir='ltr' id='par_1_2' title="bbox 185 584 2252 3413">
     <span class='ocr_line' id='line_1_2' title="bbox 205 584 2190 679; baseline 0 -25"><span class='ocrx_word' id='word_1_7' title='bbox 205 674 206 679; x_wconf 5' lang='grc' dir='ltr'>ἵ</span> <span class='ocrx_word' id='word_1_8' title='bbox 273 589 317 654; x_wconf 83' lang='lat' dir='ltr'><strong>In</strong></span> <span class='ocrx_word' id='word_1_9' title='bbox 336 586 544 655; x_wconf 51' lang='lat' dir='ltr'><strong>&amp;multudine</strong></span> <span class='ocrx_word' id='word_1_10' title='bbox 557 586 726 654; x_wconf 75' lang='lat' dir='ltr'><strong>dominam.</strong></span> <span class='ocrx_word' id='word_1_11' title='bbox 772 585 944 672; x_wconf 72' lang='grc' dir='ltr'><strong>γενόμενος</strong></span> <span class='ocrx_word' id='word_1_12' title='bbox 959 584 1014 651; x_wconf 89' lang='lat' dir='ltr'><strong>hio</strong></span> <span class='ocrx_word' id='word_1_13' title='bbox 1027 585 1162 670; x_wconf 78' lang='lat' dir='ltr'><strong>perinde</strong></span> <span class='ocrx_word' id='word_1_14' title='bbox 1214 586 1249 652; x_wconf 90' lang='lat' dir='ltr'><strong>in</strong></span> <span class='ocrx_word' id='word_1_15' title='bbox 1281 604 1378 653; x_wconf 85' lang='lat' dir='ltr'><strong>urana</strong></span> <span class='ocrx_word' id='word_1_16' title='bbox 1410 605 1559 670; x_wconf 84' lang='lat' dir='ltr'><strong>passum,</strong></span> <span class='ocrx_word' id='word_1_17' title='bbox 1592 592 1631 651; x_wconf 91' lang='lat' dir='ltr'><strong>ut</strong></span> <span class='ocrx_word' id='word_1_18' title='bbox 1661 584 1724 651; x_wconf 88' lang='lat' dir='ltr'><strong>sibi</strong></span> <span class='ocrx_word' id='word_1_19' title='bbox 1757 590 1960 668; x_wconf 84' lang='lat' dir='ltr'><strong>eomparsret</strong></span> <span class='ocrx_word' id='word_1_20' title='bbox 1991 587 2100 670; x_wconf 86' lang='lat' dir='ltr'><strong>operis</strong></span> <span class='ocrx_word' id='word_1_21' title='bbox 2133 587 2190 654; x_wconf 86' lang='lat' dir='ltr'><strong>sni</strong></span> 
     </span>
     <span class='ocr_line' id='line_1_3' title="bbox 187 669 2191 758; baseline -0 -17"><span class='ocrx_word' id='word_1_22' title='bbox 187 674 278 741; x_wconf 81' lang='lat' dir='ltr'><strong>valet</strong></span> <span class='ocrx_word' id='word_1_23' title='bbox 298 695 337 740; x_wconf 86' lang='lat' dir='ltr'><strong>an</strong></span> <span class='ocrx_word' id='word_1_24' title='bbox 357 673 567 741; x_wconf 85' lang='lat' dir='ltr'><strong>eonstitutus.</strong></span> <span class='ocrx_word' id='word_1_25' title='bbox 611 671 740 739; x_wconf 89' lang='lat' dir='ltr'><strong>Paulus</strong></span> <span class='ocrx_word' id='word_1_26' title='bbox 762 673 851 737; x_wconf 90' lang='lat' dir='ltr'><strong>enim</strong></span> <span class='ocrx_word' id='word_1_27' title='bbox 868 672 1030 758; x_wconf 83' lang='lat' dir='ltr'><strong>signifieat</strong></span> <span class='ocrx_word' id='word_1_28' title='bbox 1053 670 1162 738; x_wconf 89' lang='lat' dir='ltr'><strong>redan-</strong></span> <span class='ocrx_word' id='word_1_29' title='bbox 1215 672 1331 738; x_wconf 87' lang='lat' dir='ltr'><strong>merito</strong></span> <span class='ocrx_word' id='word_1_30' title='bbox 1360 671 1447 755; x_wconf 90' lang='lat' dir='ltr'><strong>quod</strong></span> <span class='ocrx_word' id='word_1_31' title='bbox 1475 693 1540 737; x_wconf 92' lang='lat' dir='ltr'><strong>non</strong></span> <span class='ocrx_word' id='word_1_32' title='bbox 1573 669 1736 738; x_wconf 81' lang='lat' dir='ltr'><strong>habebat?</strong></span> <span class='ocrx_word' id='word_1_33' title='bbox 1777 671 1861 737; x_wconf 87' lang='lat' dir='ltr'><strong>Nam</strong></span> <span class='ocrx_word' id='word_1_34' title='bbox 1891 671 2028 755; x_wconf 84' lang='lat' dir='ltr'><strong>spiritus</strong></span> <span class='ocrx_word' id='word_1_35' title='bbox 2052 681 2191 741; x_wconf 85' lang='lat' dir='ltr'><strong>sanutus</strong></span> 
     </span>
     <span class='ocr_line' id='line_1_4' title="bbox 187 755 2207 841; baseline 0 -14"><span class='ocrx_word' id='word_1_36' title='bbox 187 771 258 827; x_wconf 91' lang='lat' dir='ltr'><strong>tom</strong></span> <span class='ocrx_word' id='word_1_37' title='bbox 290 760 391 827; x_wconf 85' lang='lat' dir='ltr'><strong>fuisse</strong></span> <span class='ocrx_word' id='word_1_38' title='bbox 421 759 456 825; x_wconf 93' lang='lat' dir='ltr'><strong>in</strong></span> <span class='ocrx_word' id='word_1_39' title='bbox 490 758 659 824; x_wconf 88' lang='lat' dir='ltr'><strong>hominum</strong></span> <span class='ocrx_word' id='word_1_40' title='bbox 692 756 852 836; x_wconf 86' lang='lat' dir='ltr'><strong>ordinem,</strong></span> <span class='ocrx_word' id='word_1_41' title='bbox 887 763 924 823; x_wconf 90' lang='lat' dir='ltr'><strong>ut</strong></span> <span class='ocrx_word' id='word_1_42' title='bbox 955 758 1063 841; x_wconf 87' lang='lat' dir='ltr'><strong>spanis</strong></span> <span class='ocrx_word' id='word_1_43' title='bbox 1092 758 1163 840; x_wconf 88' lang='lat' dir='ltr'><strong>ipsa</strong></span> <span class='ocrx_word' id='word_1_44' title='bbox 1214 758 1297 824; x_wconf 86' lang='lat' dir='ltr'><strong>nihil</strong></span> <span class='ocrx_word' id='word_1_45' title='bbox 1339 757 1427 823; x_wconf 84' lang='lat' dir='ltr'><strong>aliud</strong></span> <span class='ocrx_word' id='word_1_46' title='bbox 1461 757 1535 823; x_wconf 83' lang='lat' dir='ltr'><strong>vult</strong></span> <span class='ocrx_word' id='word_1_47' title='bbox 1571 777 1630 823; x_wconf 91' lang='lat' dir='ltr'><strong>nos</strong></span> <span class='ocrx_word' id='word_1_48' title='bbox 1667 758 1702 822; x_wconf 94' lang='lat' dir='ltr'><strong>in</strong></span> <span class='ocrx_word' id='word_1_49' title='bbox 1738 770 1843 824; x_wconf 89' lang='lat' dir='ltr'><strong>morte</strong></span> <span class='ocrx_word' id='word_1_50' title='bbox 1880 755 2004 823; x_wconf 86' lang='lat' dir='ltr'><strong>Obriati</strong></span> <span class='ocrx_word' id='word_1_51' title='bbox 2040 778 2207 838; x_wconf 60' lang='lat' dir='ltr'><strong>earnem·</strong></span> 
     </span>
     <span class='ocr_line' id='line_1_5' title="bbox 187 842 2210 927; baseline -0.001 -15"><span class='ocrx_word' id='word_1_52' title='bbox 187 845 271 913; x_wconf 82' lang='lat' dir='ltr'><strong>nihil</strong></span> <span class='ocrx_word' id='word_1_53' title='bbox 293 864 313 911; x_wconf 84' lang='lat' dir='ltr'><strong>a</strong></span> <span class='ocrx_word' id='word_1_54' title='bbox 333 846 500 912; x_wconf 93' lang='lat' dir='ltr'><strong>oommuni</strong></span> <span class='ocrx_word' id='word_1_55' title='bbox 527 843 700 909; x_wconf 85' lang='lat' dir='ltr'><strong>hominurn</strong></span> <span class='ocrx_word' id='word_1_56' title='bbox 723 856 812 909; x_wconf 89' lang='lat' dir='ltr'><strong>sorte</strong></span> <span class='ocrx_word' id='word_1_57' title='bbox 841 842 980 909; x_wconf 81' lang='lat' dir='ltr'><strong>differet.</strong></span> <span class='ocrx_word' id='word_1_58' title='bbox 1024 843 1161 910; x_wconf 82' lang='lat' dir='ltr'><strong>Maroio·</strong></span> <span class='ocrx_word' id='word_1_59' title='bbox 1214 855 1356 926; x_wconf 81' lang='lat' dir='ltr'><strong>gustare,</strong></span> <span class='ocrx_word' id='word_1_60' title='bbox 1385 852 1547 927; x_wconf 88' lang='lat' dir='ltr'><strong>reputare,</strong></span> <span class='ocrx_word' id='word_1_61' title='bbox 1575 844 1705 921; x_wconf 85' lang='lat' dir='ltr'><strong>sentire,</strong></span> <span class='ocrx_word' id='word_1_62' title='bbox 1735 863 1919 927; x_wconf 87' lang='lat' dir='ltr'><strong>agnosoere‚</strong></span> <span class='ocrx_word' id='word_1_63' title='bbox 1941 863 2040 927; x_wconf 87' lang='lat' dir='ltr'><strong>quam</strong></span> <span class='ocrx_word' id='word_1_64' title='bbox 2060 864 2210 910; x_wconf 87' lang='lat' dir='ltr'><strong>meram-</strong></span> 
     </span>
     <span class='ocr_line' id='line_1_6' title="bbox 187 927 2207 1014; baseline -0 -17"><span class='ocrx_word' id='word_1_65' title='bbox 187 932 278 997; x_wconf 90' lang='lat' dir='ltr'><strong>nitae</strong></span> <span class='ocrx_word' id='word_1_66' title='bbox 300 929 566 997; x_wconf 57' lang='lat' dir='ltr'><strong>boo‘testimonio</strong></span> <span class='ocrx_word' id='word_1_67' title='bbox 580 928 672 996; x_wconf 87' lang='lat' dir='ltr'><strong>abusi</strong></span> <span class='ocrx_word' id='word_1_68' title='bbox 694 938 772 994; x_wconf 90' lang='lat' dir='ltr'><strong>sunt</strong></span> <span class='ocrx_word' id='word_1_69' title='bbox 788 928 829 994; x_wconf 88' lang='lat' dir='ltr'><strong>ed</strong></span> <span class='ocrx_word' id='word_1_70' title='bbox 846 927 1048 1012; x_wconf 90' lang='lat' dir='ltr'><strong>probandum</strong></span> <span class='ocrx_word' id='word_1_71' title='bbox 1064 949 1160 995; x_wconf 89' lang='lat' dir='ltr'><strong>suum</strong></span> <span class='ocrx_word' id='word_1_72' title='bbox 1214 929 1276 994; x_wconf 92' lang='lat' dir='ltr'><strong>Dei</strong></span> <span class='ocrx_word' id='word_1_73' title='bbox 1307 930 1503 996; x_wconf 87' lang='lat' dir='ltr'><strong>bonitatem:</strong></span> <span class='ocrx_word' id='word_1_74' title='bbox 1530 939 1722 1012; x_wconf 88' lang='lat' dir='ltr'><strong>tantumque</strong></span> <span class='ocrx_word' id='word_1_75' title='bbox 1751 927 1875 996; x_wconf 77' lang='lat' dir='ltr'><strong>Christi</strong></span> <span class='ocrx_word' id='word_1_76' title='bbox 1901 929 2020 1014; x_wconf 86' lang='lat' dir='ltr'><strong>ipsius,</strong></span> <span class='ocrx_word' id='word_1_77' title='bbox 2050 950 2088 995; x_wconf 87' lang='lat' dir='ltr'><strong>an</strong></span> <span class='ocrx_word' id='word_1_78' title='bbox 2117 937 2207 996; x_wconf 86' lang='lat' dir='ltr'><strong>tam·</strong></span> 
     </span>
     <span class='ocr_line' id='line_1_7' title="bbox 185 1014 2192 1102; baseline -0.001 -18"><span class='ocrx_word' id='word_1_79' title='bbox 185 1017 384 1102; x_wconf 84' lang='lat' dir='ltr'><strong>phantasma</strong></span> <span class='ocrx_word' id='word_1_80' title='bbox 405 1016 491 1101; x_wconf 85' lang='lat' dir='ltr'><strong>quod</strong></span> <span class='ocrx_word' id='word_1_81' title='bbox 511 1014 734 1082; x_wconf 89' lang='lat' dir='ltr'><strong>somniabant:</strong></span> <span class='ocrx_word' id='word_1_82' title='bbox 763 1016 819 1080; x_wconf 91' lang='lat' dir='ltr'><strong>sed</strong></span> <span class='ocrx_word' id='word_1_83' title='bbox 844 1015 934 1079; x_wconf 92' lang='lat' dir='ltr'><strong>nullo</strong></span> <span class='ocrx_word' id='word_1_84' title='bbox 957 1014 1088 1097; x_wconf 91' lang='lat' dir='ltr'><strong>negotio</strong></span> <span class='ocrx_word' id='word_1_85' title='bbox 1110 1035 1163 1079; x_wconf 92' lang='lat' dir='ltr'><strong>re·</strong></span> <span class='ocrx_word' id='word_1_86' title='bbox 1214 1014 1486 1081; x_wconf 90' lang='lat' dir='ltr'><strong>inaestimabilem</strong></span> <span class='ocrx_word' id='word_1_87' title='bbox 1507 1034 1651 1080; x_wconf 84' lang='lat' dir='ltr'><strong>amorem</strong></span> <span class='ocrx_word' id='word_1_88' title='bbox 1674 1035 1753 1099; x_wconf 85' lang='lat' dir='ltr'><strong>erga</strong></span> <span class='ocrx_word' id='word_1_89' title='bbox 1782 1036 1854 1098; x_wconf 81' lang='lat' dir='ltr'><strong>nos,</strong></span> <span class='ocrx_word' id='word_1_90' title='bbox 1875 1024 1913 1080; x_wconf 92' lang='lat' dir='ltr'><strong>ut</strong></span> <span class='ocrx_word' id='word_1_91' title='bbox 1933 1016 1986 1079; x_wconf 89' lang='lat' dir='ltr'><strong>aui</strong></span> <span class='ocrx_word' id='word_1_92' title='bbox 2006 1014 2129 1081; x_wconf 87' lang='lat' dir='ltr'><strong>oblitus</strong></span> <span class='ocrx_word' id='word_1_93' title='bbox 2150 1036 2192 1083; x_wconf 89' lang='lat' dir='ltr'><strong>se</strong></span> 
     </span>
     <span class='ocr_line' id='line_1_8' title="bbox 186 1098 2188 1186; baseline 0 -18"><span class='ocrx_word' id='word_1_94' title='bbox 186 1103 255 1169; x_wconf 80' lang='lat' dir='ltr'><strong>felli</strong></span> <span class='ocrx_word' id='word_1_95' title='bbox 277 1112 423 1186; x_wconf 83' lang='lat' dir='ltr'><strong>possunt,</strong></span> <span class='ocrx_word' id='word_1_96' title='bbox 456 1102 533 1184; x_wconf 90' lang='lat' dir='ltr'><strong>quia</strong></span> <span class='ocrx_word' id='word_1_97' title='bbox 566 1100 619 1168; x_wconf 88' lang='lat' dir='ltr'><strong>hin</strong></span> <span class='ocrx_word' id='word_1_98' title='bbox 640 1098 764 1166; x_wconf 87' lang='lat' dir='ltr'><strong>Paulus</strong></span> <span class='ocrx_word' id='word_1_99' title='bbox 787 1099 868 1165; x_wconf 90' lang='lat' dir='ltr'><strong>nibil</strong></span> <span class='ocrx_word' id='word_1_100' title='bbox 897 1100 985 1165; x_wconf 90' lang='lat' dir='ltr'><strong>aliud</strong></span> <span class='ocrx_word' id='word_1_101' title='bbox 1007 1100 1161 1184; x_wconf 85' lang='lat' dir='ltr'><strong>disputat,</strong></span> <span class='ocrx_word' id='word_1_102' title='bbox 1215 1101 1378 1184; x_wconf 83' lang='lat' dir='ltr'><strong>vitamque</strong></span> <span class='ocrx_word' id='word_1_103' title='bbox 1400 1121 1493 1165; x_wconf 93' lang='lat' dir='ltr'><strong>suam</strong></span> <span class='ocrx_word' id='word_1_104' title='bbox 1516 1101 1609 1166; x_wconf 91' lang='lat' dir='ltr'><strong>nobis</strong></span> <span class='ocrx_word' id='word_1_105' title='bbox 1630 1100 1834 1183; x_wconf 84' lang='lat' dir='ltr'><strong>impenderit</strong></span> <span class='ocrx_word' id='word_1_106' title='bbox 1872 1098 2009 1182; x_wconf 80' lang='lat' dir='ltr'><strong>Quoties</strong></span> <span class='ocrx_word' id='word_1_107' title='bbox 2023 1099 2063 1167; x_wconf 91' lang='lat' dir='ltr'><strong>de</strong></span> <span class='ocrx_word' id='word_1_108' title='bbox 2078 1110 2188 1168; x_wconf 80' lang='lat' dir='ltr'><strong>morte</strong></span> 
     </span>
     <span class='ocr_line' id='line_1_9' title="bbox 187 1183 2190 1272; baseline -0.001 -17"><span class='ocrx_word' id='word_1_109' title='bbox 187 1189 252 1255; x_wconf 90' lang='lat' dir='ltr'><strong>nisi</strong></span> <span class='ocrx_word' id='word_1_110' title='bbox 271 1188 412 1272; x_wconf 83' lang='lat' dir='ltr'><strong>qualiter</strong></span> <span class='ocrx_word' id='word_1_111' title='bbox 427 1206 462 1251; x_wconf 91' lang='lat' dir='ltr'><strong>ae</strong></span> <span class='ocrx_word' id='word_1_112' title='bbox 483 1188 623 1272; x_wconf 89' lang='lat' dir='ltr'><strong>gesserit</strong></span> <span class='ocrx_word' id='word_1_113' title='bbox 638 1185 804 1268; x_wconf 82' lang='lat' dir='ltr'><strong>Christus,</strong></span> <span class='ocrx_word' id='word_1_114' title='bbox 825 1185 1162 1269; x_wconf 88' lang='lat' dir='ltr'><strong>autquaoouditione</strong></span> <span class='ocrx_word' id='word_1_115' title='bbox 1213 1183 1341 1252; x_wconf 78' lang='lat' dir='ltr'><strong>Christi</strong></span> <span class='ocrx_word' id='word_1_116' title='bbox 1378 1185 1525 1269; x_wconf 89' lang='lat' dir='ltr'><strong>loquitur</strong></span> <span class='ocrx_word' id='word_1_117' title='bbox 1562 1186 1739 1269; x_wconf 78' lang='lat' dir='ltr'><strong>seriptum,</strong></span> <span class='ocrx_word' id='word_1_118' title='bbox 1787 1185 1930 1253; x_wconf 86' lang='lat' dir='ltr'><strong>iruotum</strong></span> <span class='ocrx_word' id='word_1_119' title='bbox 1977 1187 2190 1270; x_wconf 77' lang='lat' dir='ltr'>pretiumque</span> 
     </span>
     <span class='ocr_line' id='line_1_10' title="bbox 186 1270 2191 1356; baseline -0 -17"><span class='ocrx_word' id='word_1_120' title='bbox 186 1288 337 1341; x_wconf 85' lang='lat' dir='ltr'><strong>versatus</strong></span> <span class='ocrx_word' id='word_1_121' title='bbox 359 1273 457 1337; x_wconf 87' lang='lat' dir='ltr'><strong>sitin</strong></span> <span class='ocrx_word' id='word_1_122' title='bbox 480 1271 612 1339; x_wconf 88' lang='lat' dir='ltr'><strong>mundo.</strong></span> <span class='ocrx_word' id='word_1_123' title='bbox 656 1270 724 1352; x_wconf 75' lang='lat' dir='ltr'><strong>Qui</strong></span> <span class='ocrx_word' id='word_1_124' title='bbox 746 1292 822 1338; x_wconf 85' lang='lat' dir='ltr'><strong>vers</strong></span> <span class='ocrx_word' id='word_1_125' title='bbox 844 1272 1028 1350; x_wconf 77' lang='lat' dir='ltr'><strong>erithone,</strong></span> <span class='ocrx_word' id='word_1_126' title='bbox 1051 1283 1161 1337; x_wconf 92' lang='lat' dir='ltr'><strong>tamnu</strong></span> <span class='ocrx_word' id='word_1_127' title='bbox 1213 1271 1302 1336; x_wconf 90' lang='lat' dir='ltr'><strong>illius</strong></span> <span class='ocrx_word' id='word_1_128' title='bbox 1324 1275 1359 1336; x_wconf 93' lang='lat' dir='ltr'><strong>in</strong></span> <span class='ocrx_word' id='word_1_129' title='bbox 1382 1273 1475 1337; x_wconf 88' lang='lat' dir='ltr'><strong>nobis</strong></span> <span class='ocrx_word' id='word_1_130' title='bbox 1495 1273 1623 1350; x_wconf 82' lang='lat' dir='ltr'><strong>statuit,</strong></span> <span class='ocrx_word' id='word_1_131' title='bbox 1652 1271 1738 1355; x_wconf 89' lang='lat' dir='ltr'><strong>quod</strong></span> <span class='ocrx_word' id='word_1_132' title='bbox 1768 1293 1827 1355; x_wconf 91' lang='lat' dir='ltr'><strong>per</strong></span> <span class='ocrx_word' id='word_1_133' title='bbox 1856 1291 1929 1337; x_wconf 90' lang='lat' dir='ltr'><strong>eam</strong></span> <span class='ocrx_word' id='word_1_134' title='bbox 1959 1272 2119 1356; x_wconf 73' lang='lat' dir='ltr'><strong>redempti</strong></span> <span class='ocrx_word' id='word_1_135' title='bbox 2139 1272 2191 1339; x_wconf 91' lang='lat' dir='ltr'><strong>si·</strong></span> 
     </span>
     <span class='ocr_line' id='line_1_11' title="bbox 185 1356 2196 1441; baseline -0.001 -16"><span class='ocrx_word' id='word_1_136' title='bbox 185 1359 259 1425; x_wconf 89' lang='lat' dir='ltr'><strong>aliis</strong></span> <span class='ocrx_word' id='word_1_137' title='bbox 281 1357 448 1424; x_wconf 88' lang='lat' dir='ltr'><strong>dissimilis</strong></span> <span class='ocrx_word' id='word_1_138' title='bbox 469 1358 666 1437; x_wconf 88' lang='lat' dir='ltr'><strong>nonsebitur,</strong></span> <span class='ocrx_word' id='word_1_139' title='bbox 695 1357 727 1423; x_wconf 90' lang='lat' dir='ltr'><strong>si</strong></span> <span class='ocrx_word' id='word_1_140' title='bbox 749 1359 796 1422; x_wconf 89' lang='lat' dir='ltr'><strong>ita</strong></span> <span class='ocrx_word' id='word_1_141' title='bbox 817 1377 853 1422; x_wconf 89' lang='lat' dir='ltr'><strong>se</strong></span> <span class='ocrx_word' id='word_1_142' title='bbox 874 1367 969 1441; x_wconf 88' lang='lat' dir='ltr'><strong>gerat</strong></span> <span class='ocrx_word' id='word_1_143' title='bbox 990 1359 1084 1440; x_wconf 91' lang='lat' dir='ltr'><strong>quasi</strong></span> <span class='ocrx_word' id='word_1_144' title='bbox 1103 1379 1159 1422; x_wconf 90' lang='lat' dir='ltr'><strong>ex·</strong></span> <span class='ocrx_word' id='word_1_145' title='bbox 1214 1377 1296 1435; x_wconf 86' lang='lat' dir='ltr'><strong>mus,</strong></span> <span class='ocrx_word' id='word_1_146' title='bbox 1319 1356 1390 1422; x_wconf 92' lang='lat' dir='ltr'><strong>Deo</strong></span> <span class='ocrx_word' id='word_1_147' title='bbox 1412 1357 1621 1434; x_wconf 70' lang='lat' dir='ltr'><strong>renonciliati,</strong></span> <span class='ocrx_word' id='word_1_148' title='bbox 1649 1358 1792 1423; x_wconf 74' lang='lat' dir='ltr'><strong>restituti</strong></span> <span class='ocrx_word' id='word_1_149' title='bbox 1819 1358 1853 1422; x_wconf 94' lang='lat' dir='ltr'><strong>in</strong></span> <span class='ocrx_word' id='word_1_150' title='bbox 1876 1358 2046 1434; x_wconf 85' lang='lat' dir='ltr'><strong>iustitiam,</strong></span> <span class='ocrx_word' id='word_1_151' title='bbox 2075 1377 2196 1424; x_wconf 49' lang='lat' dir='ltr'><strong>ttsuu·¹</strong></span> 
     </span>
     <span class='ocr_line' id='line_1_12' title="bbox 186 1440 2202 1614; baseline 0 -18"><span class='ocrx_word' id='word_1_152' title='bbox 186 1447 316 1596; x_wconf 67' lang='lat' dir='ltr'><strong>aare</strong></span> <span class='ocrx_word' id='word_1_153' title='bbox 333 1443 747 1614; x_wconf 56' lang='lat' dir='ltr'><strong>,auxilietates</strong></span> <span class='ocrx_word' id='word_1_154' title='bbox 772 1441 1162 1611; x_wconf 58' lang='lat' dir='ltr'><strong>{attitulat</strong></span> <span class='ocrx_word' id='word_1_155' title='bbox 1214 1440 1720 1614; x_wconf 57' lang='lat' dir='ltr'><strong>lilit¹¹⁰⁸dltmitlllrgl⁸</strong></span> <span class='ocrx_word' id='word_1_156' title='bbox 1735 1444 2202 1596; x_wconf 62' lang='lat' dir='ltr'><strong>”suauitatis</strong></span> 
     </span>
     <span class='ocr_line' id='line_1_13' title="bbox 186 1576 2190 1700; baseline -0 -19"><span class='ocrx_word' id='word_1_157' title='bbox 186 1635 267 1681; x_wconf 89' lang='lat' dir='ltr'><strong>num</strong></span> <span class='ocrx_word' id='word_1_158' title='bbox 290 1636 426 1681; x_wconf 89' lang='lat' dir='ltr'><strong>numero</strong></span> <span class='ocrx_word' id='word_1_159' title='bbox 447 1622 628 1698; x_wconf 86' lang='lat' dir='ltr'><strong>appareret.</strong></span> <span class='ocrx_word' id='word_1_160' title='bbox 672 1576 843 1679; x_wconf 70' lang='lat' dir='ltr'><strong>Ettimen</strong></span> <span class='ocrx_word' id='word_1_161' title='bbox 865 1613 963 1698; x_wconf 92' lang='lat' dir='ltr'><strong>longe</strong></span> <span class='ocrx_word' id='word_1_162' title='bbox 980 1613 1069 1679; x_wconf 89' lang='lat' dir='ltr'><strong>aliud</strong></span> <span class='ocrx_word' id='word_1_163' title='bbox 1090 1624 1162 1679; x_wconf 90' lang='lat' dir='ltr'><strong>erat</strong></span> <span class='ocrx_word' id='word_1_164' title='bbox 1213 1625 1328 1680; x_wconf 88' lang='lat' dir='ltr'><strong>eontra</strong></span> <span class='ocrx_word' id='word_1_165' title='bbox 1348 1615 1537 1693; x_wconf 70' lang='lat' dir='ltr'><strong>redamare,</strong></span> <span class='ocrx_word' id='word_1_166' title='bbox 1566 1617 1774 1699; x_wconf 87' lang='lat' dir='ltr'><strong>praeeipuam</strong></span> <span class='ocrx_word' id='word_1_167' title='bbox 1801 1634 1872 1681; x_wconf 89' lang='lat' dir='ltr'><strong>esse</strong></span> <span class='ocrx_word' id='word_1_168' title='bbox 1893 1615 2034 1681; x_wconf 82' lang='lat' dir='ltr'><strong>frustum</strong></span> <span class='ocrx_word' id='word_1_169' title='bbox 2057 1615 2093 1680; x_wconf 90' lang='lat' dir='ltr'><strong>in</strong></span> <span class='ocrx_word' id='word_1_170' title='bbox 2116 1616 2190 1700; x_wconf 90' lang='lat' dir='ltr'><strong>ipso</strong></span> 
     </span>
     <span class='ocr_line' id='line_1_14' title="bbox 185 1698 2205 1785; baseline -0.001 -18"><span class='ocrx_word' id='word_1_171' title='bbox 185 1707 285 1785; x_wconf 83' lang='lat' dir='ltr'><strong>qnam</strong></span> <span class='ocrx_word' id='word_1_172' title='bbox 309 1701 416 1776; x_wconf 85' lang='lat' dir='ltr'><strong>homo.</strong></span> <span class='ocrx_word' id='word_1_173' title='bbox 440 1701 569 1766; x_wconf 89' lang='lat' dir='ltr'><strong>etiamsi</strong></span> <span class='ocrx_word' id='word_1_174' title='bbox 591 1709 778 1766; x_wconf 87' lang='lat' dir='ltr'><strong>vernasset</strong></span> <span class='ocrx_word' id='word_1_175' title='bbox 801 1698 908 1765; x_wconf 85' lang='lat' dir='ltr'><strong>bomo.</strong></span> <span class='ocrx_word' id='word_1_176' title='bbox 953 1699 1061 1765; x_wconf 87' lang='lat' dir='ltr'><strong>Nimis</strong></span> <span class='ocrx_word' id='word_1_177' title='bbox 1082 1720 1161 1783; x_wconf 89' lang='lat' dir='ltr'><strong>ergo</strong></span> <span class='ocrx_word' id='word_1_178' title='bbox 1215 1699 1358 1781; x_wconf 79' lang='lat' dir='ltr'><strong>Christo,</strong></span> <span class='ocrx_word' id='word_1_179' title='bbox 1386 1701 1494 1784; x_wconf 87' lang='lat' dir='ltr'><strong>ipsum</strong></span> <span class='ocrx_word' id='word_1_180' title='bbox 1524 1703 1665 1784; x_wconf 86' lang='lat' dir='ltr'><strong>priorem</strong></span> <span class='ocrx_word' id='word_1_181' title='bbox 1693 1702 1744 1766; x_wconf 89' lang='lat' dir='ltr'><strong>sui</strong></span> <span class='ocrx_word' id='word_1_182' title='bbox 1773 1720 1872 1784; x_wconf 90' lang='lat' dir='ltr'><strong>quam</strong></span> <span class='ocrx_word' id='word_1_183' title='bbox 1901 1703 2004 1766; x_wconf 90' lang='lat' dir='ltr'><strong>nostri</strong></span> <span class='ocrx_word' id='word_1_184' title='bbox 2028 1702 2205 1767; x_wconf 65' lang='lat' dir='ltr'><strong>munnam.</strong></span> 
     </span>
     <span class='ocr_line' id='line_1_15' title="bbox 185 1784 2193 1872; baseline 0 -21"><span class='ocrx_word' id='word_1_185' title='bbox 185 1787 357 1872; x_wconf 85' lang='lat' dir='ltr'><strong>pueriliter</strong></span> <span class='ocrx_word' id='word_1_186' title='bbox 378 1787 600 1862; x_wconf 82' lang='lat' dir='ltr'><strong>Marnionitae,</strong></span> <span class='ocrx_word' id='word_1_187' title='bbox 629 1785 685 1869; x_wconf 89' lang='lat' dir='ltr'><strong>qni</strong></span> <span class='ocrx_word' id='word_1_188' title='bbox 707 1807 748 1851; x_wconf 88' lang='lat' dir='ltr'><strong>ex</strong></span> <span class='ocrx_word' id='word_1_189' title='bbox 770 1784 870 1851; x_wconf 80' lang='lat' dir='ltr'><strong>simili</strong></span> <span class='ocrx_word' id='word_1_190' title='bbox 892 1785 1078 1851; x_wconf 90' lang='lat' dir='ltr'><strong>nunditione</strong></span> <span class='ocrx_word' id='word_1_191' title='bbox 1100 1785 1160 1849; x_wconf 89' lang='lat' dir='ltr'><strong>du·</strong></span> <span class='ocrx_word' id='word_1_192' title='bbox 1215 1786 1377 1864; x_wconf 83' lang='lat' dir='ltr'><strong>habuisse,</strong></span> <span class='ocrx_word' id='word_1_193' title='bbox 1410 1787 1472 1852; x_wconf 88' lang='lat' dir='ltr'><strong>sibi</strong></span> <span class='ocrx_word' id='word_1_194' title='bbox 1494 1800 1570 1852; x_wconf 87' lang='lat' dir='ltr'><strong>ante</strong></span> <span class='ocrx_word' id='word_1_195' title='bbox 1592 1786 1731 1870; x_wconf 90' lang='lat' dir='ltr'><strong>gloriam</strong></span> <span class='ocrx_word' id='word_1_196' title='bbox 1754 1807 1824 1852; x_wconf 89' lang='lat' dir='ltr'><strong>esse</strong></span> <span class='ocrx_word' id='word_1_197' title='bbox 1845 1786 2060 1868; x_wconf 89' lang='lat' dir='ltr'><strong>promeritum</strong></span> <span class='ocrx_word' id='word_1_198' title='bbox 2088 1807 2193 1871; x_wconf 88' lang='lat' dir='ltr'><strong>quam</strong></span> 
     </span>
     <span class='ocr_line' id='line_1_16' title="bbox 185 1870 2192 1956; baseline 0 -18"><span class='ocrx_word' id='word_1_199' title='bbox 185 1872 303 1938; x_wconf 89' lang='lat' dir='ltr'><strong>nebant</strong></span> <span class='ocrx_word' id='word_1_200' title='bbox 317 1883 549 1956; x_wconf 76' lang='lat' dir='ltr'><strong>argumentum</strong></span> <span class='ocrx_word' id='word_1_201' title='bbox 568 1870 609 1936; x_wconf 88' lang='lat' dir='ltr'><strong>ad</strong></span> <span class='ocrx_word' id='word_1_202' title='bbox 626 1870 810 1954; x_wconf 79' lang='lat' dir='ltr'><strong>negendam</strong></span> <span class='ocrx_word' id='word_1_203' title='bbox 827 1881 963 1936; x_wconf 87' lang='lat' dir='ltr'><strong>naturae</strong></span> <span class='ocrx_word' id='word_1_204' title='bbox 978 1873 1159 1943; x_wconf 84' lang='lat' dir='ltr'><strong>veritatem.</strong></span> <span class='ocrx_word' id='word_1_205' title='bbox 1214 1872 1308 1938; x_wconf 90' lang='lat' dir='ltr'><strong>uobis</strong></span> <span class='ocrx_word' id='word_1_206' title='bbox 1341 1871 1500 1937; x_wconf 82' lang='lat' dir='ltr'><strong>salutem?</strong></span> <span class='ocrx_word' id='word_1_207' title='bbox 1553 1871 1682 1937; x_wconf 87' lang='lat' dir='ltr'><strong>Deinde</strong></span> <span class='ocrx_word' id='word_1_208' title='bbox 1718 1891 1834 1937; x_wconf 80' lang='lat' dir='ltr'><strong>verum</strong></span> <span class='ocrx_word' id='word_1_209' title='bbox 1871 1893 1943 1937; x_wconf 89' lang='lat' dir='ltr'><strong>esse</strong></span> <span class='ocrx_word' id='word_1_210' title='bbox 1980 1892 2065 1955; x_wconf 91' lang='lat' dir='ltr'><strong>nego</strong></span> <span class='ocrx_word' id='word_1_211' title='bbox 2102 1871 2192 1955; x_wconf 85' lang='lat' dir='ltr'><strong>qnod</strong></span> 
     </span>
     <span class='ocr_line' id='line_1_17' title="bbox 186 1956 2191 2042; baseline 0 -19"><span class='ocrx_word' id='word_1_212' title='bbox 186 1958 401 2040; x_wconf 89' lang='lat' dir='ltr'><strong>Repertus</strong></span> <span class='ocrx_word' id='word_1_213' title='bbox 421 1957 474 2024; x_wconf 89' lang='lat' dir='ltr'><strong>bin</strong></span> <span class='ocrx_word' id='word_1_214' title='bbox 499 1956 665 2040; x_wconf 87' lang='lat' dir='ltr'><strong>signifieat</strong></span> <span class='ocrx_word' id='word_1_215' title='bbox 678 1958 857 2039; x_wconf 85' lang='lat' dir='ltr'><strong>nognitum,</strong></span> <span class='ocrx_word' id='word_1_216' title='bbox 876 1957 927 2021; x_wconf 87' lang='lat' dir='ltr'><strong>vel</strong></span> <span class='ocrx_word' id='word_1_217' title='bbox 942 1967 1160 2041; x_wconf 89' lang='lat' dir='ltr'><strong>oonspeotum.</strong></span> <span class='ocrx_word' id='word_1_218' title='bbox 1213 1970 1381 2022; x_wconf 89' lang='lat' dir='ltr'><strong>asserunt:</strong></span> <span class='ocrx_word' id='word_1_219' title='bbox 1403 1970 1437 2021; x_wconf 85' lang='lat' dir='ltr'><strong>at</strong></span> <span class='ocrx_word' id='word_1_220' title='bbox 1459 1957 1554 2023; x_wconf 86' lang='lat' dir='ltr'><strong>Pauli</strong></span> <span class='ocrx_word' id='word_1_221' title='bbox 1579 1960 1680 2023; x_wconf 87' lang='lat' dir='ltr'><strong>verba</strong></span> <span class='ocrx_word' id='word_1_222' title='bbox 1701 1959 1799 2042; x_wconf 92' lang='lat' dir='ltr'><strong>impie</strong></span> <span class='ocrx_word' id='word_1_223' title='bbox 1821 1956 1861 2023; x_wconf 85' lang='lat' dir='ltr'><strong>ab</strong></span> <span class='ocrx_word' id='word_1_224' title='bbox 1883 1959 1964 2041; x_wconf 87' lang='lat' dir='ltr'><strong>ipsis</strong></span> <span class='ocrx_word' id='word_1_225' title='bbox 1986 1960 2129 2040; x_wconf 84' lang='lat' dir='ltr'><strong>torqueri</strong></span> <span class='ocrx_word' id='word_1_226' title='bbox 2152 1959 2191 2023; x_wconf 89' lang='lat' dir='ltr'><strong>iu</strong></span> 
     </span>
     <span class='ocr_line' id='line_1_18' title="bbox 185 2041 2190 2126; baseline 0 -18"><span class='ocrx_word' id='word_1_227' title='bbox 185 2042 270 2108; x_wconf 83' lang='lat' dir='ltr'><strong>Nem</strong></span> <span class='ocrx_word' id='word_1_228' title='bbox 293 2041 334 2107; x_wconf 93' lang='lat' dir='ltr'><strong>de</strong></span> <span class='ocrx_word' id='word_1_229' title='bbox 361 2043 585 2110; x_wconf 76' lang='lat' dir='ltr'><strong>aestimatione</strong></span> <span class='ocrx_word' id='word_1_230' title='bbox 615 2053 746 2121; x_wconf 77' lang='lat' dir='ltr'><strong>traotat,</strong></span> <span class='ocrx_word' id='word_1_231' title='bbox 775 2053 812 2107; x_wconf 94' lang='lat' dir='ltr'><strong>ut</strong></span> <span class='ocrx_word' id='word_1_232' title='bbox 840 2043 961 2108; x_wconf 90' lang='lat' dir='ltr'><strong>dietum</strong></span> <span class='ocrx_word' id='word_1_233' title='bbox 984 2055 1045 2109; x_wconf 91' lang='lat' dir='ltr'><strong>est.</strong></span> <span class='ocrx_word' id='word_1_234' title='bbox 1088 2042 1161 2108; x_wconf 86' lang='lat' dir='ltr'><strong>Hon</strong></span> <span class='ocrx_word' id='word_1_235' title='bbox 1213 2042 1264 2107; x_wconf 87' lang='lat' dir='ltr'><strong>sui</strong></span> <span class='ocrx_word' id='word_1_236' title='bbox 1294 2043 1454 2108; x_wconf 90' lang='lat' dir='ltr'><strong>mendaoii</strong></span> <span class='ocrx_word' id='word_1_237' title='bbox 1481 2043 1717 2126; x_wconf 85' lang='lat' dir='ltr'><strong>probationem,</strong></span> <span class='ocrx_word' id='word_1_238' title='bbox 1747 2043 1827 2110; x_wconf 88' lang='lat' dir='ltr'><strong>dieo.</strong></span> <span class='ocrx_word' id='word_1_239' title='bbox 1871 2043 1957 2109; x_wconf 91' lang='lat' dir='ltr'><strong>Nam</strong></span> <span class='ocrx_word' id='word_1_240' title='bbox 1979 2044 2064 2126; x_wconf 94' lang='lat' dir='ltr'><strong>quod</strong></span> <span class='ocrx_word' id='word_1_241' title='bbox 2087 2043 2190 2109; x_wconf 88' lang='lat' dir='ltr'><strong>dintio</strong></span> 
     </span>
     <span class='ocr_line' id='line_1_19' title="bbox 186 2127 2190 2213; baseline 0 -18"><span class='ocrx_word' id='word_1_242' title='bbox 186 2134 248 2206; x_wconf 83' lang='lat' dir='ltr'><strong>eat,</strong></span> <span class='ocrx_word' id='word_1_243' title='bbox 279 2128 377 2194; x_wconf 89' lang='lat' dir='ltr'><strong>sieuti</strong></span> <span class='ocrx_word' id='word_1_244' title='bbox 404 2130 497 2213; x_wconf 90' lang='lat' dir='ltr'><strong>prius</strong></span> <span class='ocrx_word' id='word_1_245' title='bbox 525 2127 663 2194; x_wconf 88' lang='lat' dir='ltr'><strong>asseruit</strong></span> <span class='ocrx_word' id='word_1_246' title='bbox 687 2129 795 2211; x_wconf 88' lang='lat' dir='ltr'><strong>reipsa</strong></span> <span class='ocrx_word' id='word_1_247' title='bbox 824 2129 922 2194; x_wconf 86' lang='lat' dir='ltr'><strong>inisse</strong></span> <span class='ocrx_word' id='word_1_248' title='bbox 945 2129 1051 2194; x_wconf 91' lang='lat' dir='ltr'><strong>Deum</strong></span> <span class='ocrx_word' id='word_1_249' title='bbox 1075 2130 1160 2210; x_wconf 90' lang='lat' dir='ltr'><strong>patri</strong></span> <span class='ocrx_word' id='word_1_250' title='bbox 1212 2129 1615 2212; x_wconf 79' lang='lat' dir='ltr'><strong>illatiraoonsequentiam</strong></span> <span class='ocrx_word' id='word_1_251' title='bbox 1633 2130 1685 2195; x_wconf 89' lang='lat' dir='ltr'><strong>bin</strong></span> <span class='ocrx_word' id='word_1_252' title='bbox 1701 2130 1806 2213; x_wconf 91' lang='lat' dir='ltr'><strong>magia</strong></span> <span class='ocrx_word' id='word_1_253' title='bbox 1820 2141 1915 2194; x_wconf 91' lang='lat' dir='ltr'><strong>sonet</strong></span> <span class='ocrx_word' id='word_1_254' title='bbox 1930 2150 2026 2213; x_wconf 86' lang='lat' dir='ltr'><strong>quam</strong></span> <span class='ocrx_word' id='word_1_255' title='bbox 2040 2150 2190 2211; x_wconf 85' lang='lat' dir='ltr'><strong>oausam,</strong></span> 
     </span>
     <span class='ocr_line' id='line_1_20' title="bbox 186 2213 2192 2299; baseline 0 -19"><span class='ocrx_word' id='word_1_256' title='bbox 186 2213 365 2298; x_wconf 92' lang='lat' dir='ltr'><strong>aequalem,</strong></span> <span class='ocrx_word' id='word_1_257' title='bbox 399 2215 446 2280; x_wconf 90' lang='lat' dir='ltr'><strong>ita</strong></span> <span class='ocrx_word' id='word_1_258' title='bbox 475 2214 529 2281; x_wconf 89' lang='lat' dir='ltr'><strong>hin</strong></span> <span class='ocrx_word' id='word_1_259' title='bbox 557 2223 790 2280; x_wconf 89' lang='lat' dir='ltr'><strong>nommemnrat</strong></span> <span class='ocrx_word' id='word_1_260' title='bbox 819 2223 974 2296; x_wconf 90' lang='lat' dir='ltr'><strong>tanquam</strong></span> <span class='ocrx_word' id='word_1_261' title='bbox 997 2213 1160 2280; x_wconf 88' lang='lat' dir='ltr'><strong>abieotum</strong></span> <span class='ocrx_word' id='word_1_262' title='bbox 1213 2214 1291 2280; x_wconf 89' lang='lat' dir='ltr'><strong>bino</strong></span> <span class='ocrx_word' id='word_1_263' title='bbox 1312 2225 1412 2299; x_wconf 85' lang='lat' dir='ltr'><strong>patet,</strong></span> <span class='ocrx_word' id='word_1_264' title='bbox 1434 2215 1521 2298; x_wconf 93' lang='lat' dir='ltr'><strong>quod</strong></span> <span class='ocrx_word' id='word_1_265' title='bbox 1544 2214 1663 2297; x_wconf 88' lang='lat' dir='ltr'><strong>alioqui</strong></span> <span class='ocrx_word' id='word_1_266' title='bbox 1689 2230 1853 2297; x_wconf 86' lang='lat' dir='ltr'><strong>sequetur,</strong></span> <span class='ocrx_word' id='word_1_267' title='bbox 1876 2214 2040 2280; x_wconf 88' lang='lat' dir='ltr'><strong>bominem</strong></span> <span class='ocrx_word' id='word_1_268' title='bbox 2056 2214 2192 2283; x_wconf 82' lang='lat' dir='ltr'><strong>divinos</strong></span> 
     </span>
     <span class='ocr_line' id='line_1_21' title="bbox 185 2297 2192 2384; baseline 0.001 -19"><span class='ocrx_word' id='word_1_269' title='bbox 185 2311 220 2365; x_wconf 90' lang='lat' dir='ltr'><strong>et</strong></span> <span class='ocrx_word' id='word_1_270' title='bbox 239 2301 423 2367; x_wconf 90' lang='lat' dir='ltr'><strong>eommunis</strong></span> <span class='ocrx_word' id='word_1_271' title='bbox 444 2301 543 2367; x_wconf 92' lang='lat' dir='ltr'><strong>sortis</strong></span> <span class='ocrx_word' id='word_1_272' title='bbox 565 2299 712 2365; x_wconf 90' lang='lat' dir='ltr'><strong>habitum</strong></span> <span class='ocrx_word' id='word_1_273' title='bbox 738 2300 846 2365; x_wconf 82' lang='lat' dir='ltr'><strong>luisse.</strong></span> <span class='ocrx_word' id='word_1_274' title='bbox 889 2297 1029 2382; x_wconf 81' lang='lat' dir='ltr'><strong>Semper</strong></span> <span class='ocrx_word' id='word_1_275' title='bbox 1051 2308 1159 2364; x_wconf 88' lang='lat' dir='ltr'><strong>autem</strong></span> <span class='ocrx_word' id='word_1_276' title='bbox 1214 2300 1352 2365; x_wconf 90' lang='lat' dir='ltr'><strong>honores</strong></span> <span class='ocrx_word' id='word_1_277' title='bbox 1379 2321 1474 2384; x_wconf 90' lang='lat' dir='ltr'><strong>posse</strong></span> <span class='ocrx_word' id='word_1_278' title='bbox 1503 2304 1631 2378; x_wconf 86' lang='lat' dir='ltr'><strong>mereri,</strong></span> <span class='ocrx_word' id='word_1_279' title='bbox 1659 2311 1693 2366; x_wconf 86' lang='lat' dir='ltr'><strong>et</strong></span> <span class='ocrx_word' id='word_1_280' title='bbox 1720 2301 1826 2384; x_wconf 90' lang='lat' dir='ltr'><strong>ipsum</strong></span> <span class='ocrx_word' id='word_1_281' title='bbox 1850 2301 1913 2366; x_wconf 90' lang='lat' dir='ltr'><strong>Dei</strong></span> <span class='ocrx_word' id='word_1_282' title='bbox 1941 2299 2096 2366; x_wconf 86' lang='lat' dir='ltr'><strong>thronum</strong></span> <span class='ocrx_word' id='word_1_283' title='bbox 2130 2321 2192 2368; x_wconf 88' lang='lat' dir='ltr'><strong>an·</strong></span> 
     </span>
     <span class='ocr_line' id='line_1_22' title="bbox 186 2383 2192 2470; baseline 0 -18"><span class='ocrx_word' id='word_1_284' title='bbox 186 2385 398 2470; x_wconf 89' lang='lat' dir='ltr'><strong>repetendum</strong></span> <span class='ocrx_word' id='word_1_285' title='bbox 414 2384 565 2469; x_wconf 75' lang='lat' dir='ltr'><strong>estquod</strong></span> <span class='ocrx_word' id='word_1_286' title='bbox 581 2385 796 2468; x_wconf 85' lang='lat' dir='ltr'><strong>nuperdixit,</strong></span> <span class='ocrx_word' id='word_1_287' title='bbox 819 2384 1042 2450; x_wconf 83' lang='lat' dir='ltr'><strong>voluntariam</strong></span> <span class='ocrx_word' id='word_1_288' title='bbox 1059 2385 1160 2450; x_wconf 84' lang='lat' dir='ltr'><strong>inisse</strong></span> <span class='ocrx_word' id='word_1_289' title='bbox 1211 2387 1348 2469; x_wconf 88' lang='lat' dir='ltr'><strong>quirere.</strong></span> <span class='ocrx_word' id='word_1_290' title='bbox 1404 2385 1501 2468; x_wconf 80' lang='lat' dir='ltr'><strong>Quod</strong></span> <span class='ocrx_word' id='word_1_291' title='bbox 1535 2408 1600 2452; x_wconf 93' lang='lat' dir='ltr'><strong>non</strong></span> <span class='ocrx_word' id='word_1_292' title='bbox 1633 2383 1728 2451; x_wconf 91' lang='lat' dir='ltr'><strong>modo</strong></span> <span class='ocrx_word' id='word_1_293' title='bbox 1765 2385 1965 2466; x_wconf 88' lang='lat' dir='ltr'><strong>absurdum,</strong></span> <span class='ocrx_word' id='word_1_294' title='bbox 2001 2386 2058 2452; x_wconf 90' lang='lat' dir='ltr'><strong>sed</strong></span> <span class='ocrx_word' id='word_1_295' title='bbox 2096 2386 2192 2452; x_wconf 91' lang='lat' dir='ltr'><strong>dintu</strong></span> 
     </span>
     <span class='ocr_line' id='line_1_23' title="bbox 187 2471 2192 2552; baseline 0 -14"><span class='ocrx_word' id='word_1_296' title='bbox 187 2473 343 2538; x_wconf 92' lang='lat' dir='ltr'><strong>eiusmodi</strong></span> <span class='ocrx_word' id='word_1_297' title='bbox 366 2471 625 2538; x_wconf 88' lang='lat' dir='ltr'><strong>submissionem.</strong></span> <span class='ocrx_word' id='word_1_298' title='bbox 1211 2473 1310 2536; x_wconf 92' lang='lat' dir='ltr'><strong>etiam</strong></span> <span class='ocrx_word' id='word_1_299' title='bbox 1333 2471 1530 2538; x_wconf 88' lang='lat' dir='ltr'><strong>horrendum</strong></span> <span class='ocrx_word' id='word_1_300' title='bbox 1560 2483 1619 2539; x_wconf 89' lang='lat' dir='ltr'><strong>est.</strong></span> <span class='ocrx_word' id='word_1_301' title='bbox 1664 2471 1773 2552; x_wconf 78' lang='lat' dir='ltr'><strong>Quam</strong></span> <span class='ocrx_word' id='word_1_302' title='bbox 1801 2473 1889 2537; x_wconf 91' lang='lat' dir='ltr'><strong>enim</strong></span> <span class='ocrx_word' id='word_1_303' title='bbox 1914 2471 2041 2539; x_wconf 82' lang='lat' dir='ltr'><strong>Christi</strong></span> <span class='ocrx_word' id='word_1_304' title='bbox 2062 2471 2192 2538; x_wconf 76' lang='lat' dir='ltr'><strong>exalta·</strong></span> 
     </span>
     <span class='ocr_line' id='line_1_24' title="bbox 273 2556 2192 2642; baseline -0.001 -18"><span class='ocrx_word' id='word_1_305' title='bbox 273 2557 303 2623; x_wconf 82' lang='lat'><strong>8.</strong></span> <span class='ocrx_word' id='word_1_306' title='bbox 326 2557 446 2624; x_wconf 81' lang='lat' dir='ltr'><strong>Faetus</strong></span> <span class='ocrx_word' id='word_1_307' title='bbox 472 2563 517 2623; x_wconf 79' lang='lat' dir='ltr'><strong>eet</strong></span> <span class='ocrx_word' id='word_1_308' title='bbox 538 2556 688 2623; x_wconf 64' lang='lat' dir='ltr'><strong>obediere.</strong></span> <span class='ocrx_word' id='word_1_309' title='bbox 733 2557 805 2622; x_wconf 87' lang='lat' dir='ltr'><strong>lam</strong></span> <span class='ocrx_word' id='word_1_310' title='bbox 832 2557 913 2622; x_wconf 90' lang='lat' dir='ltr'><strong>hano</strong></span> <span class='ocrx_word' id='word_1_311' title='bbox 941 2556 1059 2640; x_wconf 87' lang='lat' dir='ltr'><strong>iugens</strong></span> <span class='ocrx_word' id='word_1_312' title='bbox 1088 2564 1160 2621; x_wconf 89' lang='lat' dir='ltr'><strong>erat</strong></span> <span class='ocrx_word' id='word_1_313' title='bbox 1213 2560 1335 2623; x_wconf 89' lang='lat' dir='ltr'><strong>tionem</strong></span> <span class='ocrx_word' id='word_1_314' title='bbox 1365 2559 1418 2624; x_wconf 87' lang='lat' dir='ltr'><strong>hio</strong></span> <span class='ocrx_word' id='word_1_315' title='bbox 1447 2558 1613 2639; x_wconf 87' lang='lat' dir='ltr'><strong>apostolus</strong></span> <span class='ocrx_word' id='word_1_316' title='bbox 1636 2557 1823 2640; x_wconf 85' lang='lat' dir='ltr'><strong>praedieat?</strong></span> <span class='ocrx_word' id='word_1_317' title='bbox 1851 2557 1978 2642; x_wconf 87' lang='lat' dir='ltr'><strong>Nempe</strong></span> <span class='ocrx_word' id='word_1_318' title='bbox 2002 2570 2037 2622; x_wconf 91' lang='lat' dir='ltr'><strong>ut</strong></span> <span class='ocrx_word' id='word_1_319' title='bbox 2059 2559 2192 2641; x_wconf 82' lang='lat' dir='ltr'><strong>inipso</strong></span> 
     </span>
     <span class='ocr_line' id='line_1_25' title="bbox 187 2641 2192 2746; baseline -0.001 -37"><span class='ocrx_word' id='word_1_320' title='bbox 187 2644 366 2746; x_wconf 78' lang='lat' dir='ltr'><strong>humilitas,</strong></span> <span class='ocrx_word' id='word_1_321' title='bbox 395 2664 432 2708; x_wconf 90' lang='lat' dir='ltr'><strong>se</strong></span> <span class='ocrx_word' id='word_1_322' title='bbox 452 2665 495 2708; x_wconf 85' lang='lat' dir='ltr'><strong>ex</strong></span> <span class='ocrx_word' id='word_1_323' title='bbox 521 2642 659 2742; x_wconf 35' lang='lat' dir='ltr'><strong>domiuo.</strong></span> <span class='ocrx_word' id='word_1_324' title='bbox 682 2643 794 2742; x_wconf 71' lang='lat' dir='ltr'><strong>innisae</strong></span> <span class='ocrx_word' id='word_1_325' title='bbox 817 2663 965 2708; x_wconf 83' lang='lat' dir='ltr'><strong>serrum:</strong></span> <span class='ocrx_word' id='word_1_326' title='bbox 995 2641 1052 2708; x_wconf 91' lang='lat' dir='ltr'><strong>sed</strong></span> <span class='ocrx_word' id='word_1_327' title='bbox 1077 2642 1158 2708; x_wconf 87' lang='lat' dir='ltr'><strong>ulte·</strong></span> <span class='ocrx_word' id='word_1_328' title='bbox 1212 2643 1386 2726; x_wconf 88' lang='lat' dir='ltr'><strong>impleatur</strong></span> <span class='ocrx_word' id='word_1_329' title='bbox 1407 2642 1485 2726; x_wconf 86' lang='lat' dir='ltr'><strong>quid</strong></span> <span class='ocrx_word' id='word_1_330' title='bbox 1509 2644 1563 2744; x_wconf 79' lang='lat' dir='ltr'><strong>uid</strong></span> <span class='ocrx_word' id='word_1_331' title='bbox 1585 2645 1654 2744; x_wconf 41' lang='lat' dir='ltr'><strong>sibi·</strong></span> <span class='ocrx_word' id='word_1_332' title='bbox 1670 2644 1755 2727; x_wconf 91' lang='lat' dir='ltr'><strong>apud</strong></span> <span class='ocrx_word' id='word_1_333' title='bbox 1771 2642 2192 2745; x_wconf 36' lang='lat' dir='ltr'><strong>Insulam-vendisstsolns</strong></span> 
     </span>
     <span class='ocr_line' id='line_1_26' title="bbox 186 2727 2252 2899; baseline 0 -20"><span class='ocrx_word' id='word_1_334' title='bbox 186 2727 957 2897; x_wconf 51' lang='lat' dir='ltr'><strong>dtttttzfflttfffittlimittit</strong></span> <span class='ocrx_word' id='word_1_335' title='bbox 976 2727 1159 2879; x_wconf 61' lang='lat' dir='ltr'><strong>”istit</strong></span> <span class='ocrx_word' id='word_1_336' title='bbox 1211 2728 1453 2891; x_wconf 57' lang='grc' dir='ltr'><strong>ἓῗὲιιξῖἕὲ,</strong></span> <span class='ocrx_word' id='word_1_337' title='bbox 1485 2731 1952 2899; x_wconf 63' lang='lat' dir='ltr'><strong>„5¹„il‘tattdtttf’</strong></span> <span class='ocrx_word' id='word_1_338' title='bbox 1976 2728 2192 2881; x_wconf 57' lang='lat' dir='ltr'><strong>lanitii</strong></span> <span class='ocrx_word' id='word_1_339' title='bbox 2250 2812 2252 2817; x_wconf 22' lang='grc' dir='ltr'><strong>ι</strong></span> 
     </span>
     <span class='ocr_line' id='line_1_27' title="bbox 187 2898 2191 2986; baseline 0 -21"><span class='ocrx_word' id='word_1_340' title='bbox 187 2909 299 2967; x_wconf 88' lang='lat' dir='ltr'><strong>tamen</strong></span> <span class='ocrx_word' id='word_1_341' title='bbox 328 2901 413 2983; x_wconf 86' lang='lat' dir='ltr'><strong>patri</strong></span> <span class='ocrx_word' id='word_1_342' title='bbox 447 2900 649 2983; x_wconf 87' lang='lat' dir='ltr'><strong>obsequutus</strong></span> <span class='ocrx_word' id='word_1_343' title='bbox 676 2899 776 2965; x_wconf 82' lang='lat' dir='ltr'><strong>fuerit</strong></span> <span class='ocrx_word' id='word_1_344' title='bbox 807 2919 912 2983; x_wconf 91' lang='lat' dir='ltr'><strong>usque</strong></span> <span class='ocrx_word' id='word_1_345' title='bbox 944 2898 984 2965; x_wconf 93' lang='lat' dir='ltr'><strong>ad</strong></span> <span class='ocrx_word' id='word_1_346' title='bbox 1018 2911 1157 2965; x_wconf 90' lang='lat' dir='ltr'><strong>mortem</strong></span> <span class='ocrx_word' id='word_1_347' title='bbox 1214 2901 1348 2966; x_wconf 87' lang='lat' dir='ltr'><strong>humani</strong></span> <span class='ocrx_word' id='word_1_348' title='bbox 1370 2901 1487 2983; x_wconf 89' lang='lat' dir='ltr'><strong>operis.</strong></span> <span class='ocrx_word' id='word_1_349' title='bbox 1532 2900 1661 2966; x_wconf 89' lang='lat' dir='ltr'><strong>Deinde</strong></span> <span class='ocrx_word' id='word_1_350' title='bbox 1689 2902 1717 2967; x_wconf 87' lang='lat' dir='ltr'><strong>si</strong></span> <span class='ocrx_word' id='word_1_351' title='bbox 1740 2900 1914 2967; x_wconf 90' lang='lat' dir='ltr'><strong>diutionem</strong></span> <span class='ocrx_word' id='word_1_352' title='bbox 1933 2912 2074 2986; x_wconf 79' lang='lat' dir='ltr'><strong>urgeant</strong></span> <span class='ocrx_word' id='word_1_353' title='bbox 2094 2899 2191 2966; x_wconf 90' lang='lat' dir='ltr'><strong>nullo</strong></span> 
     </span>
     <span class='ocr_line' id='line_1_28' title="bbox 185 2984 2190 3070; baseline 0.001 -19"><span class='ocrx_word' id='word_1_354' title='bbox 185 2986 378 3052; x_wconf 89' lang='lat' dir='ltr'><strong>obeundam.</strong></span> <span class='ocrx_word' id='word_1_355' title='bbox 421 2986 502 3052; x_wconf 76' lang='lat' dir='ltr'><strong>linit</strong></span> <span class='ocrx_word' id='word_1_356' title='bbox 522 2987 586 3051; x_wconf 89' lang='lat' dir='ltr'><strong>ista</strong></span> <span class='ocrx_word' id='word_1_357' title='bbox 614 2995 764 3051; x_wconf 85' lang='lat' dir='ltr'><strong>extrema</strong></span> <span class='ocrx_word' id='word_1_358' title='bbox 785 2984 937 3052; x_wconf 88' lang='lat' dir='ltr'><strong>deientio:</strong></span> <span class='ocrx_word' id='word_1_359' title='bbox 968 2986 1158 3067; x_wconf 89' lang='lat' dir='ltr'><strong>praesertim</strong></span> <span class='ocrx_word' id='word_1_360' title='bbox 1212 2985 1426 3052; x_wconf 84' lang='lat' dir='ltr'><strong>absurditatis</strong></span> <span class='ocrx_word' id='word_1_361' title='bbox 1447 2998 1614 3070; x_wconf 89' lang='lat' dir='ltr'><strong>respeotu:</strong></span> <span class='ocrx_word' id='word_1_362' title='bbox 1637 2987 1805 3070; x_wconf 86' lang='lat' dir='ltr'><strong>responsio</strong></span> <span class='ocrx_word' id='word_1_363' title='bbox 1827 2987 1931 3052; x_wconf 85' lang='lat' dir='ltr'><strong>ianilis</strong></span> <span class='ocrx_word' id='word_1_364' title='bbox 1948 3002 2007 3067; x_wconf 87' lang='lat' dir='ltr'><strong>eat,</strong></span> <span class='ocrx_word' id='word_1_365' title='bbox 2029 2987 2077 3052; x_wconf 89' lang='lat' dir='ltr'><strong>sin</strong></span> <span class='ocrx_word' id='word_1_366' title='bbox 2091 2985 2190 3054; x_wconf 85' lang='lat' dir='ltr'><strong>nobis</strong></span> 
     </span>
     <span class='ocr_line' id='line_1_29' title="bbox 186 3070 2188 3157; baseline -0 -19"><span class='ocrx_word' id='word_1_367' title='bbox 186 3073 243 3139; x_wconf 92' lang='lat' dir='ltr'><strong>ubi</strong></span> <span class='ocrx_word' id='word_1_368' title='bbox 266 3073 492 3141; x_wconf 88' lang='lat' dir='ltr'><strong>oonsidnratnr</strong></span> <span class='ocrx_word' id='word_1_369' title='bbox 512 3091 619 3157; x_wconf 91' lang='lat' dir='ltr'><strong>genus</strong></span> <span class='ocrx_word' id='word_1_370' title='bbox 641 3073 765 3154; x_wconf 88' lang='lat' dir='ltr'><strong>mortis,</strong></span> <span class='ocrx_word' id='word_1_371' title='bbox 788 3070 872 3153; x_wconf 91' lang='lat' dir='ltr'><strong>quod</strong></span> <span class='ocrx_word' id='word_1_372' title='bbox 891 3090 969 3136; x_wconf 85' lang='lat' dir='ltr'><strong>mox</strong></span> <span class='ocrx_word' id='word_1_373' title='bbox 991 3071 1160 3155; x_wconf 87' lang='lat' dir='ltr'><strong>subiungit</strong></span> <span class='ocrx_word' id='word_1_374' title='bbox 1211 3072 1324 3138; x_wconf 88' lang='lat' dir='ltr'><strong>datum</strong></span> <span class='ocrx_word' id='word_1_375' title='bbox 1346 3092 1366 3137; x_wconf 88' lang='lat' dir='ltr'><strong>a</strong></span> <span class='ocrx_word' id='word_1_376' title='bbox 1388 3084 1480 3155; x_wconf 89' lang='lat' dir='ltr'><strong>patre</strong></span> <span class='ocrx_word' id='word_1_377' title='bbox 1502 3093 1582 3150; x_wconf 87' lang='lat' dir='ltr'><strong>esse,</strong></span> <span class='ocrx_word' id='word_1_378' title='bbox 1613 3083 1649 3137; x_wconf 89' lang='lat' dir='ltr'><strong>ut</strong></span> <span class='ocrx_word' id='word_1_379' title='bbox 1675 3079 1745 3138; x_wconf 87' lang='lat' dir='ltr'><strong>tota</strong></span> <span class='ocrx_word' id='word_1_380' title='bbox 1768 3074 1838 3138; x_wconf 89' lang='lat' dir='ltr'><strong>eius</strong></span> <span class='ocrx_word' id='word_1_381' title='bbox 1861 3074 1928 3138; x_wconf 81' lang='lat' dir='ltr'><strong>vita</strong></span> <span class='ocrx_word' id='word_1_382' title='bbox 1949 3072 2119 3156; x_wconf 85' lang='lat' dir='ltr'><strong>speoulurir</strong></span> <span class='ocrx_word' id='word_1_383' title='bbox 2140 3070 2188 3137; x_wconf 87' lang='lat' dir='ltr'><strong>sit</strong></span> 
     </span>
     <span class='ocr_line' id='line_1_30' title="bbox 187 3155 2191 3245; baseline -0 -21"><span class='ocrx_word' id='word_1_384' title='bbox 187 3158 407 3245; x_wconf 86' lang='lat' dir='ltr'><strong>exaggerandi</strong></span> <span class='ocrx_word' id='word_1_385' title='bbox 429 3178 537 3224; x_wconf 85' lang='lat' dir='ltr'><strong>nausa.</strong></span> <span class='ocrx_word' id='word_1_386' title='bbox 581 3156 665 3223; x_wconf 83' lang='lat' dir='ltr'><strong>Nam</strong></span> <span class='ocrx_word' id='word_1_387' title='bbox 682 3158 729 3222; x_wconf 85' lang='lat' dir='ltr'><strong>ita</strong></span> <span class='ocrx_word' id='word_1_388' title='bbox 751 3155 919 3222; x_wconf 91' lang='lat' dir='ltr'><strong>moriendo</strong></span> <span class='ocrx_word' id='word_1_389' title='bbox 942 3178 1006 3222; x_wconf 93' lang='lat' dir='ltr'><strong>non</strong></span> <span class='ocrx_word' id='word_1_390' title='bbox 1029 3166 1158 3223; x_wconf 92' lang='lat' dir='ltr'><strong>tantum</strong></span> <span class='ocrx_word' id='word_1_391' title='bbox 1212 3158 1307 3224; x_wconf 90' lang='lat' dir='ltr'><strong>nobis</strong></span> <span class='ocrx_word' id='word_1_392' title='bbox 1338 3157 1549 3226; x_wconf 89' lang='lat' dir='ltr'><strong>destinatum.</strong></span> <span class='ocrx_word' id='word_1_393' title='bbox 1581 3157 1866 3240; x_wconf 81' lang='lat' dir='ltr'><strong>Quemadmodum</strong></span> <span class='ocrx_word' id='word_1_394' title='bbox 1896 3158 1998 3242; x_wconf 89' lang='lat' dir='ltr'><strong>igitur</strong></span> <span class='ocrx_word' id='word_1_395' title='bbox 2017 3157 2191 3242; x_wconf 88' lang='lat' dir='ltr'><strong>speoulnm</strong></span> 
     </span>
     <span class='ocr_line' id='line_1_31' title="bbox 186 3242 2188 3327; baseline 0 -17"><span class='ocrx_word' id='word_1_396' title='bbox 186 3242 838 3323; x_wconf 85' lang='lat' dir='ltr'><strong>inominiosusiuitoorambnminibus‚</strong></span> <span class='ocrx_word' id='word_1_397' title='bbox 856 3243 1031 3309; x_wconf 88' lang='lat' dir='ltr'><strong>sedetiam</strong></span> <span class='ocrx_word' id='word_1_398' title='bbox 1048 3263 1158 3309; x_wconf 88' lang='lat' dir='ltr'><strong>eoram</strong></span> <span class='ocrx_word' id='word_1_399' title='bbox 1212 3244 1341 3309; x_wconf 88' lang='lat' dir='ltr'><strong>etiamsi</strong></span> <span class='ocrx_word' id='word_1_400' title='bbox 1361 3244 1569 3327; x_wconf 87' lang='lat' dir='ltr'><strong>splendorem</strong></span> <span class='ocrx_word' id='word_1_401' title='bbox 1602 3245 1730 3326; x_wconf 71' lang='lat' dir='ltr'><strong>habeat,</strong></span> <span class='ocrx_word' id='word_1_402' title='bbox 1754 3264 1821 3309; x_wconf 94' lang='lat' dir='ltr'><strong>nnn</strong></span> <span class='ocrx_word' id='word_1_403' title='bbox 1853 3242 1915 3309; x_wconf 90' lang='lat' dir='ltr'><strong>sibi</strong></span> <span class='ocrx_word' id='word_1_404' title='bbox 1936 3242 2044 3324; x_wconf 84' lang='lat' dir='ltr'><strong>habet,</strong></span> <span class='ocrx_word' id='word_1_405' title='bbox 2071 3242 2130 3310; x_wconf 88' lang='lat' dir='ltr'><strong>sed</strong></span> <span class='ocrx_word' id='word_1_406' title='bbox 2148 3243 2188 3309; x_wconf 85' lang='lat' dir='ltr'><strong>iu</strong></span> 
     </span>
     <span class='ocr_line' id='line_1_32' title="bbox 220 3327 2201 3413; baseline -0.001 -18"><span class='ocrx_word' id='word_1_407' title='bbox 220 3351 259 3395; x_wconf 90' lang='lat' dir='ltr'><strong>eo</strong></span> <span class='ocrx_word' id='word_1_408' title='bbox 287 3328 480 3396; x_wconf 87' lang='lat' dir='ltr'><strong>maledietio.</strong></span> <span class='ocrx_word' id='word_1_409' title='bbox 525 3329 605 3395; x_wconf 80' lang='lat' dir='ltr'><strong>&#39;Pale</strong></span> <span class='ocrx_word' id='word_1_410' title='bbox 631 3340 720 3395; x_wconf 87' lang='lat' dir='ltr'><strong>uerte</strong></span> <span class='ocrx_word' id='word_1_411' title='bbox 748 3337 800 3395; x_wconf 87' lang='lat' dir='ltr'><strong>est</strong></span> <span class='ocrx_word' id='word_1_412' title='bbox 827 3328 1022 3394; x_wconf 87' lang='lat' dir='ltr'><strong>humilitatis</strong></span> <span class='ocrx_word' id='word_1_413' title='bbox 1047 3349 1158 3396; x_wconf 87' lang='lat' dir='ltr'><strong>exem·</strong></span> <span class='ocrx_word' id='word_1_414' title='bbox 1211 3350 1287 3396; x_wconf 92' lang='lat' dir='ltr'><strong>eum</strong></span> <span class='ocrx_word' id='word_1_415' title='bbox 1310 3329 1411 3396; x_wconf 86' lang='lat' dir='ltr'><strong>finem</strong></span> <span class='ocrx_word' id='word_1_416' title='bbox 1438 3339 1477 3395; x_wconf 92' lang='lat' dir='ltr'><strong>ut</strong></span> <span class='ocrx_word' id='word_1_417' title='bbox 1501 3350 1603 3413; x_wconf 90' lang='lat' dir='ltr'><strong>penes</strong></span> <span class='ocrx_word' id='word_1_418' title='bbox 1631 3329 1712 3396; x_wconf 88' lang='lat' dir='ltr'><strong>alios</strong></span> <span class='ocrx_word' id='word_1_419' title='bbox 1736 3330 1781 3396; x_wconf 87' lang='lat' dir='ltr'><strong>sit</strong></span> <span class='ocrx_word' id='word_1_420' title='bbox 1803 3350 1882 3396; x_wconf 88' lang='lat' dir='ltr'><strong>usus</strong></span> <span class='ocrx_word' id='word_1_421' title='bbox 1904 3338 1938 3396; x_wconf 92' lang='lat' dir='ltr'><strong>et</strong></span> <span class='ocrx_word' id='word_1_422' title='bbox 1959 3327 2201 3396; x_wconf 78' lang='lat' dir='ltr'><strong>nommodomzj</strong></span> 
     </span>
    </p>
   </div>
   <div class='ocr_carea' id='block_1_3' title="bbox 185 3412 2189 3738">
    <p class='ocr_par' dir='ltr' id='par_1_3' title="bbox 185 3412 2189 3738">
     <span class='ocr_line' id='line_1_33' title="bbox 187 3412 2188 3567; baseline 0 -86"><span class='ocrx_word' id='word_1_423' title='bbox 187 3415 289 3567; x_wconf 47' lang='grc' dir='ltr'><strong>ἔξω,</strong></span> <span class='ocrx_word' id='word_1_424' title='bbox 319 3427 357 3482; x_wconf 92' lang='lat' dir='ltr'><strong>ut</strong></span> <span class='ocrx_word' id='word_1_425' title='bbox 377 3415 525 3482; x_wconf 93' lang='lat' dir='ltr'><strong>omnium</strong></span> <span class='ocrx_word' id='word_1_426' title='bbox 548 3414 717 3481; x_wconf 85' lang='lat' dir='ltr'><strong>bominum</strong></span> <span class='ocrx_word' id='word_1_427' title='bbox 746 3425 874 3482; x_wconf 88' lang='lat' dir='ltr'><strong>mentes</strong></span> <span class='ocrx_word' id='word_1_428' title='bbox 904 3412 1078 3482; x_wconf 83' lang='lat' dir='ltr'><strong>absorbere</strong></span> <span class='ocrx_word' id='word_1_429' title='bbox 1103 3415 1159 3480; x_wconf 91' lang='lat' dir='ltr'><strong>de·</strong></span> <span class='ocrx_word' id='word_1_430' title='bbox 1212 3417 1259 3481; x_wconf 88' lang='lat' dir='ltr'><strong>its</strong></span> <span class='ocrx_word' id='word_1_431' title='bbox 1288 3436 1348 3482; x_wconf 92' lang='lat' dir='ltr'><strong>neo</strong></span> <span class='ocrx_word' id='word_1_432' title='bbox 1371 3414 1525 3482; x_wconf 73' lang='lat' dir='ltr'><strong>Olus-istus</strong></span> <span class='ocrx_word' id='word_1_433' title='bbox 1548 3416 1611 3482; x_wconf 92' lang='lat' dir='ltr'><strong>sibi</strong></span> <span class='ocrx_word' id='word_1_434' title='bbox 1643 3415 1822 3499; x_wconf 83' lang='lat' dir='ltr'><strong>quidquam</strong></span> <span class='ocrx_word' id='word_1_435' title='bbox 1846 3413 1899 3481; x_wconf 82' lang='lat' dir='ltr'><strong>vel</strong></span> <span class='ocrx_word' id='word_1_436' title='bbox 1929 3414 2103 3499; x_wconf 81' lang='lat' dir='ltr'><strong>quaesivit,</strong></span> <span class='ocrx_word' id='word_1_437' title='bbox 2132 3413 2188 3481; x_wconf 82' lang='lat' dir='ltr'><strong>vel</strong></span> 
     </span>
     <span class='ocr_line' id='line_1_34' title="bbox 248 3499 2188 3585; baseline 0.001 -20"><span class='ocrx_word' id='word_1_438' title='bbox 248 3512 276 3565; x_wconf 93' lang='lat' dir='ltr'><strong>t:</strong></span> <span class='ocrx_word' id='word_1_439' title='bbox 304 3512 433 3568; x_wconf 89' lang='lat' dir='ltr'><strong>tantum</strong></span> <span class='ocrx_word' id='word_1_440' title='bbox 462 3501 554 3567; x_wconf 88' lang='lat' dir='ltr'><strong>abest</strong></span> <span class='ocrx_word' id='word_1_441' title='bbox 582 3511 619 3565; x_wconf 90' lang='lat' dir='ltr'><strong>ut</strong></span> <span class='ocrx_word' id='word_1_442' title='bbox 642 3522 700 3585; x_wconf 89' lang='lat' dir='ltr'><strong>pro</strong></span> <span class='ocrx_word' id='word_1_443' title='bbox 728 3499 889 3585; x_wconf 89' lang='lat' dir='ltr'><strong>dignitate</strong></span> <span class='ocrx_word' id='word_1_444' title='bbox 916 3499 1026 3567; x_wconf 77' lang='lat' dir='ltr'><strong>verbis</strong></span> <span class='ocrx_word' id='word_1_445' title='bbox 1056 3499 1161 3584; x_wconf 90' lang='lat' dir='ltr'><strong>possit</strong></span> <span class='ocrx_word' id='word_1_446' title='bbox 1211 3501 1344 3583; x_wconf 86' lang='lat' dir='ltr'><strong>anoepit,</strong></span> <span class='ocrx_word' id='word_1_447' title='bbox 1366 3500 1423 3567; x_wconf 88' lang='lat' dir='ltr'><strong>sed</strong></span> <span class='ocrx_word' id='word_1_448' title='bbox 1447 3501 1541 3568; x_wconf 88' lang='lat' dir='ltr'><strong>nobis</strong></span> <span class='ocrx_word' id='word_1_449' title='bbox 1561 3502 1682 3568; x_wconf 80' lang='lat' dir='ltr'><strong>omnia</strong></span> <span class='ocrx_word' id='word_1_450' title='bbox 1727 3500 1816 3582; x_wconf 78' lang='lat' dir='ltr'><strong>Quid</strong></span> <span class='ocrx_word' id='word_1_451' title='bbox 1837 3502 1925 3566; x_wconf 89' lang='lat' dir='ltr'><strong>anim</strong></span> <span class='ocrx_word' id='word_1_452' title='bbox 1956 3521 2076 3585; x_wconf 82' lang='lat' dir='ltr'><strong>quaeso</strong></span> <span class='ocrx_word' id='word_1_453' title='bbox 2099 3519 2188 3566; x_wconf 82' lang='lat' dir='ltr'><strong>nova</strong></span> 
     </span>
     <span class='ocr_line' id='line_1_35' title="bbox 185 3584 2189 3738; baseline 0 -84"><span class='ocrx_word' id='word_1_454' title='bbox 185 3587 353 3670; x_wconf 84' lang='lat' dir='ltr'><strong>explinari.</strong></span> <span class='ocrx_word' id='word_1_455' title='bbox 1211 3586 1411 3653; x_wconf 85' lang='lat' dir='ltr'><strong>exaltatione</strong></span> <span class='ocrx_word' id='word_1_456' title='bbox 1433 3585 1609 3738; x_wconf 64' lang='lat' dir='ltr'><strong>indigebat,</strong></span> <span class='ocrx_word' id='word_1_457' title='bbox 1631 3588 1687 3670; x_wconf 92' lang='lat' dir='ltr'><strong>qui</strong></span> <span class='ocrx_word' id='word_1_458' title='bbox 1708 3587 1852 3671; x_wconf 88' lang='lat' dir='ltr'><strong>aequalis</strong></span> <span class='ocrx_word' id='word_1_459' title='bbox 1872 3592 1946 3653; x_wconf 83' lang='lat' dir='ltr'><strong>erat</strong></span> <span class='ocrx_word' id='word_1_460' title='bbox 1968 3585 2077 3670; x_wconf 83' lang='lat' dir='ltr'><strong>patri?</strong></span> <span class='ocrx_word' id='word_1_461' title='bbox 2106 3584 2189 3655; x_wconf 84' lang='lat' dir='ltr'><strong>Dio·</strong></span> 
     </span>
    </p>
   </div>
   <div class='ocr_carea' id='block_1_4' title="bbox 183 3670 2198 5219">
    <p class='ocr_par' dir='ltr' id='par_1_4' title="bbox 185 3670 2187 3841">
     <span class='ocr_line' id='line_1_36' title="bbox 273 3670 2187 3758; baseline 0.001 -18"><span class='ocrx_word' id='word_1_462' title='bbox 273 3673 305 3740; x_wconf 80' lang='grc'><strong>9.</strong></span> <span class='ocrx_word' id='word_1_463' title='bbox 341 3672 516 3758; x_wconf 81' lang='lat' dir='ltr'><strong>Propterea</strong></span> <span class='ocrx_word' id='word_1_464' title='bbox 547 3672 805 3756; x_wconf 61' lang='lat' dir='ltr'><strong>modoet.</strong></span> <span class='ocrx_word' id='word_1_465' title='bbox 860 3670 983 3737; x_wconf 78' lang='lat' dir='ltr'><strong>Addita</strong></span> <span class='ocrx_word' id='word_1_466' title='bbox 1016 3670 1159 3737; x_wconf 89' lang='lat' dir='ltr'><strong>oonsnla·</strong></span> <span class='ocrx_word' id='word_1_467' title='bbox 1210 3683 1286 3738; x_wconf 90' lang='lat' dir='ltr'><strong>nant</strong></span> <span class='ocrx_word' id='word_1_468' title='bbox 1318 3692 1396 3756; x_wconf 87' lang='lat' dir='ltr'><strong>srgo</strong></span> <span class='ocrx_word' id='word_1_469' title='bbox 1429 3672 1475 3757; x_wconf 89' lang='lat' dir='ltr'><strong>pii</strong></span> <span class='ocrx_word' id='word_1_470' title='bbox 1524 3685 1664 3751; x_wconf 85' lang='lat' dir='ltr'><strong>setores,</strong></span> <span class='ocrx_word' id='word_1_471' title='bbox 1696 3672 1885 3740; x_wconf 87' lang='lat' dir='ltr'><strong>sorboninns</strong></span> <span class='ocrx_word' id='word_1_472' title='bbox 1916 3671 2080 3756; x_wconf 87' lang='lat' dir='ltr'><strong>sophistas</strong></span> <span class='ocrx_word' id='word_1_473' title='bbox 2109 3691 2187 3741; x_wconf 87' lang='lat' dir='ltr'><strong>oum</strong></span> 
     </span>
     <span class='ocr_line' id='line_1_37' title="bbox 185 3756 2062 3841; baseline -0.001 -15"><span class='ocrx_word' id='word_1_474' title='bbox 185 3762 283 3839; x_wconf 72' lang='lat' dir='ltr'><strong>done,</strong></span> <span class='ocrx_word' id='word_1_475' title='bbox 316 3778 525 3841; x_wconf 88' lang='lat' dir='ltr'><strong>summopere</strong></span> <span class='ocrx_word' id='word_1_476' title='bbox 557 3757 775 3841; x_wconf 87' lang='lat' dir='ltr'><strong>expetendam</strong></span> <span class='ocrx_word' id='word_1_477' title='bbox 809 3756 905 3825; x_wconf 90' lang='lat' dir='ltr'><strong>dooet</strong></span> <span class='ocrx_word' id='word_1_478' title='bbox 933 3756 1159 3838; x_wconf 88' lang='lat' dir='ltr'><strong>abientionsm,</strong></span> <span class='ocrx_word' id='word_1_479' title='bbox 1211 3759 1306 3824; x_wconf 90' lang='lat' dir='ltr'><strong>tortis</strong></span> <span class='ocrx_word' id='word_1_480' title='bbox 1327 3759 1396 3824; x_wconf 87' lang='lat' dir='ltr'><strong>suis</strong></span> <span class='ocrx_word' id='word_1_481' title='bbox 1416 3758 1690 3839; x_wconf 87' lang='lat' dir='ltr'><strong>spanulationibus</strong></span> <span class='ocrx_word' id='word_1_482' title='bbox 1713 3758 1878 3826; x_wconf 89' lang='lat' dir='ltr'><strong>detestari.</strong></span> <span class='ocrx_word' id='word_1_483' title='bbox 2060 3786 2062 3791; x_wconf 96' lang='lat'>·</span> 
     </span>
    </p>

    <p class='ocr_par' dir='ltr' id='par_1_5' title="bbox 183 3841 2198 5219">
     <span class='ocr_line' id='line_1_38' title="bbox 184 3841 2187 3930; baseline -0.003 -17"><span class='ocrx_word' id='word_1_484' title='bbox 184 3868 280 3930; x_wconf 88' lang='lat' dir='ltr'><strong>quam</strong></span> <span class='ocrx_word' id='word_1_485' title='bbox 310 3846 492 3911; x_wconf 87' lang='lat' dir='ltr'><strong>humanum</strong></span> <span class='ocrx_word' id='word_1_486' title='bbox 518 3845 687 3929; x_wconf 91' lang='lat' dir='ltr'><strong>ingenium</strong></span> <span class='ocrx_word' id='word_1_487' title='bbox 716 3843 846 3929; x_wconf 86' lang='lat' dir='ltr'><strong>relugit.</strong></span> <span class='ocrx_word' id='word_1_488' title='bbox 891 3841 996 3909; x_wconf 83' lang='lat' dir='ltr'><strong>Nemo</strong></span> <span class='ocrx_word' id='word_1_489' title='bbox 1026 3842 1157 3926; x_wconf 93' lang='lat' dir='ltr'><strong>quidem</strong></span> <span class='ocrx_word' id='word_1_490' title='bbox 1296 3841 1395 3910; x_wconf 81' lang='lat' dir='ltr'><strong>Dedit</strong></span> <span class='ocrx_word' id='word_1_491' title='bbox 1421 3843 1472 3910; x_wconf 78' lang='lat' dir='ltr'><strong>illi</strong></span> <span class='ocrx_word' id='word_1_492' title='bbox 1503 3863 1622 3913; x_wconf 74' lang='lat' dir='ltr'><strong>amaea</strong></span> <span class='ocrx_word' id='word_1_493' title='bbox 1672 3843 1810 3911; x_wconf 77' lang='lat' dir='ltr'><strong>Nomen</strong></span> <span class='ocrx_word' id='word_1_494' title='bbox 1842 3844 1896 3912; x_wconf 88' lang='lat' dir='ltr'><strong>bio</strong></span> <span class='ocrx_word' id='word_1_495' title='bbox 1929 3863 1988 3928; x_wconf 85' lang='lat' dir='ltr'><strong>pro</strong></span> <span class='ocrx_word' id='word_1_496' title='bbox 2023 3841 2187 3928; x_wconf 75' lang='lat' dir='ltr'><strong>dignitate</strong></span> 
     </span>
     <span class='ocr_line' id='line_1_39' title="bbox 184 3928 2198 4016; baseline -0.003 -18"><span class='ocrx_word' id='word_1_497' title='bbox 184 3951 251 3999; x_wconf 88' lang='lat' dir='ltr'><strong>nnn</strong></span> <span class='ocrx_word' id='word_1_498' title='bbox 267 3929 429 3999; x_wconf 76' lang='lat' dir='ltr'><strong>‘fatebitur</strong></span> <span class='ocrx_word' id='word_1_499' title='bbox 450 3929 571 3995; x_wconf 91' lang='lat' dir='ltr'><strong>iustum</strong></span> <span class='ocrx_word' id='word_1_500' title='bbox 595 3950 616 3995; x_wconf 91' lang='lat' dir='ltr'><strong>a</strong></span> <span class='ocrx_word' id='word_1_501' title='bbox 638 3929 731 3996; x_wconf 90' lang='lat' dir='ltr'><strong>nobis</strong></span> <span class='ocrx_word' id='word_1_502' title='bbox 812 3928 921 4008; x_wconf 88' lang='lat' dir='ltr'><strong>talari,</strong></span> <span class='ocrx_word' id='word_1_503' title='bbox 942 3949 1044 4012; x_wconf 92' lang='lat' dir='ltr'><strong>quum</strong></span> <span class='ocrx_word' id='word_1_504' title='bbox 1067 3929 1158 3996; x_wconf 90' lang='lat' dir='ltr'><strong>iube·</strong></span> <span class='ocrx_word' id='word_1_505' title='bbox 1210 3929 1358 4014; x_wconf 87' lang='lat' dir='ltr'><strong>eapitur:</strong></span> <span class='ocrx_word' id='word_1_506' title='bbox 1389 3930 1474 4013; x_wconf 89' lang='lat' dir='ltr'><strong>quod</strong></span> <span class='ocrx_word' id='word_1_507' title='bbox 1504 3939 1556 3998; x_wconf 89' lang='lat' dir='ltr'><strong>est</strong></span> <span class='ocrx_word' id='word_1_508' title='bbox 1583 3931 1620 3996; x_wconf 93' lang='lat' dir='ltr'><strong>in</strong></span> <span class='ocrx_word' id='word_1_509' title='bbox 1641 3930 1792 3997; x_wconf 89' lang='lat' dir='ltr'><strong>omnibus</strong></span> <span class='ocrx_word' id='word_1_510' title='bbox 1812 3929 1935 4016; x_wconf 88' lang='lat' dir='ltr'><strong>linguis</strong></span> <span class='ocrx_word' id='word_1_511' title='bbox 1955 3929 2036 3996; x_wconf 86' lang='lat' dir='ltr'><strong>satis</strong></span> <span class='ocrx_word' id='word_1_512' title='bbox 2058 3929 2198 3995; x_wconf 86' lang='lat' dir='ltr'><strong>tritum..</strong></span> 
     </span>
     <span class='ocr_line' id='line_1_40' title="bbox 186 4012 2184 4104; baseline -0.001 -21"><span class='ocrx_word' id='word_1_513' title='bbox 186 4039 261 4085; x_wconf 93' lang='lat' dir='ltr'><strong>mur</strong></span> <span class='ocrx_word' id='word_1_514' title='bbox 287 4015 410 4083; x_wconf 85' lang='lat' dir='ltr'><strong>imitari</strong></span> <span class='ocrx_word' id='word_1_515' title='bbox 431 4013 615 4082; x_wconf 72' lang='lat' dir='ltr'><strong>Christum.</strong></span> <span class='ocrx_word' id='word_1_516' title='bbox 658 4012 726 4082; x_wconf 77' lang='lat' dir='ltr'><strong>Sed</strong></span> <span class='ocrx_word' id='word_1_517' title='bbox 800 4036 837 4081; x_wconf 92' lang='lat' dir='ltr'><strong>eo</strong></span> <span class='ocrx_word' id='word_1_518' title='bbox 858 4016 943 4081; x_wconf 88' lang='lat' dir='ltr'><strong>ratio</strong></span> <span class='ocrx_word' id='word_1_519' title='bbox 966 4035 1026 4080; x_wconf 88' lang='lat' dir='ltr'><strong>nos</strong></span> <span class='ocrx_word' id='word_1_520' title='bbox 1047 4025 1159 4080; x_wconf 82' lang='lat' dir='ltr'><strong>movet</strong></span> <span class='ocrx_word' id='word_1_521' title='bbox 1209 4015 1300 4083; x_wconf 86' lang='lat' dir='ltr'><strong>lauet</strong></span> <span class='ocrx_word' id='word_1_522' title='bbox 1318 4017 1388 4082; x_wconf 87' lang='lat' dir='ltr'><strong>aine</strong></span> <span class='ocrx_word' id='word_1_523' title='bbox 1404 4016 1537 4084; x_wconf 91' lang='lat' dir='ltr'><strong>nomine</strong></span> <span class='ocrx_word' id='word_1_524' title='bbox 1552 4016 1734 4104; x_wconf 61' lang='lat' dir='ltr'><strong>trunnns¹b</strong></span> <span class='ocrx_word' id='word_1_525' title='bbox 1771 4015 1971 4082; x_wconf 88' lang='lat' dir='ltr'><strong>Praesertim</strong></span> <span class='ocrx_word' id='word_1_526' title='bbox 1987 4034 2065 4082; x_wconf 84' lang='lat' dir='ltr'><strong>voro</strong></span> <span class='ocrx_word' id='word_1_527' title='bbox 2082 4012 2184 4099; x_wconf 87' lang='lat' dir='ltr'><strong>sorip-</strong></span> 
     </span>
     <span class='ocr_line' id='line_1_41' title="bbox 184 4099 2184 4187; baseline -0.001 -18"><span class='ocrx_word' id='word_1_528' title='bbox 184 4117 221 4169; x_wconf 91' lang='lat' dir='ltr'><strong>ut</strong></span> <span class='ocrx_word' id='word_1_529' title='bbox 248 4125 323 4170; x_wconf 92' lang='lat' dir='ltr'><strong>eum</strong></span> <span class='ocrx_word' id='word_1_530' title='bbox 350 4099 505 4167; x_wconf 86' lang='lat' dir='ltr'><strong>libentius</strong></span> <span class='ocrx_word' id='word_1_531' title='bbox 533 4100 719 4178; x_wconf 84' lang='lat' dir='ltr'><strong>imitemur,</strong></span> <span class='ocrx_word' id='word_1_532' title='bbox 751 4120 855 4185; x_wconf 91' lang='lat' dir='ltr'><strong>quum</strong></span> <span class='ocrx_word' id='word_1_533' title='bbox 887 4099 1040 4166; x_wconf 87' lang='lat' dir='ltr'><strong>audimus</strong></span> <span class='ocrx_word' id='word_1_534' title='bbox 1074 4100 1159 4167; x_wconf 88' lang='lat' dir='ltr'><strong>nibil</strong></span> <span class='ocrx_word' id='word_1_535' title='bbox 1211 4111 1305 4168; x_wconf 87' lang='lat' dir='ltr'><strong>turae</strong></span> <span class='ocrx_word' id='word_1_536' title='bbox 1326 4102 1496 4168; x_wconf 81' lang='lat' dir='ltr'><strong>familiaris</strong></span> <span class='ocrx_word' id='word_1_537' title='bbox 1518 4110 1568 4169; x_wconf 90' lang='lat' dir='ltr'><strong>nst</strong></span> <span class='ocrx_word' id='word_1_538' title='bbox 1588 4100 1747 4187; x_wconf 88' lang='lat' dir='ltr'><strong>loquutio.</strong></span> <span class='ocrx_word' id='word_1_539' title='bbox 1790 4101 1965 4186; x_wconf 83' lang='lat' dir='ltr'><strong>Sigoitinat</strong></span> <span class='ocrx_word' id='word_1_540' title='bbox 1981 4120 2072 4185; x_wconf 87' lang='lat' dir='ltr'><strong>orgo,</strong></span> <span class='ocrx_word' id='word_1_541' title='bbox 2091 4121 2184 4167; x_wconf 89' lang='lat' dir='ltr'><strong>sam·</strong></span> 
     </span>
     <span class='ocr_line' id='line_1_42' title="bbox 184 4184 2185 4271; baseline 0 -14"><span class='ocrx_word' id='word_1_542' title='bbox 184 4211 256 4257; x_wconf 85' lang='lat' dir='ltr'><strong>esse</strong></span> <span class='ocrx_word' id='word_1_543' title='bbox 285 4186 380 4254; x_wconf 88' lang='lat' dir='ltr'><strong>nobis</strong></span> <span class='ocrx_word' id='word_1_544' title='bbox 401 4185 520 4253; x_wconf 87' lang='lat' dir='ltr'><strong>melius</strong></span> <span class='ocrx_word' id='word_1_545' title='bbox 540 4205 638 4271; x_wconf 83' lang='lat' dir='ltr'><strong>quam</strong></span> <span class='ocrx_word' id='word_1_546' title='bbox 661 4187 793 4253; x_wconf 76' lang='lat' dir='ltr'><strong>formari</strong></span> <span class='ocrx_word' id='word_1_547' title='bbox 814 4185 856 4253; x_wconf 88' lang='lat' dir='ltr'><strong>ad</strong></span> <span class='ocrx_word' id='word_1_548' title='bbox 878 4187 949 4252; x_wconf 89' lang='lat' dir='ltr'><strong>nius</strong></span> <span class='ocrx_word' id='word_1_549' title='bbox 970 4184 1156 4271; x_wconf 87' lang='lat' dir='ltr'><strong>imaginem.</strong></span> <span class='ocrx_word' id='word_1_550' title='bbox 1210 4207 1298 4253; x_wconf 86' lang='lat' dir='ltr'><strong>marn</strong></span> <span class='ocrx_word' id='word_1_551' title='bbox 1321 4185 1455 4255; x_wconf 74' lang='lat' dir='ltr'><strong>cbristo</strong></span> <span class='ocrx_word' id='word_1_552' title='bbox 1478 4197 1673 4271; x_wconf 87' lang='lat' dir='ltr'><strong>potestatem</strong></span> <span class='ocrx_word' id='word_1_553' title='bbox 1694 4207 1765 4254; x_wconf 85' lang='lat' dir='ltr'><strong>essa</strong></span> <span class='ocrx_word' id='word_1_554' title='bbox 1787 4186 1898 4253; x_wconf 83' lang='lat' dir='ltr'><strong>datam</strong></span> <span class='ocrx_word' id='word_1_555' title='bbox 1920 4198 1955 4253; x_wconf 89' lang='lat' dir='ltr'><strong>et</strong></span> <span class='ocrx_word' id='word_1_556' title='bbox 1979 4186 2014 4252; x_wconf 92' lang='lat' dir='ltr'><strong>in</strong></span> <span class='ocrx_word' id='word_1_557' title='bbox 2028 4205 2185 4270; x_wconf 77' lang='lat' dir='ltr'><strong>supremo</strong></span> 
     </span>
     <span class='ocr_line' id='line_1_43' title="bbox 183 4269 2185 4358; baseline -0 -18"><span class='ocrx_word' id='word_1_558' title='bbox 183 4274 281 4356; x_wconf 76' lang='lat' dir='ltr'><strong>Quod</strong></span> <span class='ocrx_word' id='word_1_559' title='bbox 303 4279 412 4340; x_wconf 68' lang='lat' dir='ltr'><strong>summ</strong></span> <span class='ocrx_word' id='word_1_560' title='bbox 433 4269 521 4338; x_wconf 88' lang='lat' dir='ltr'><strong>beati</strong></span> <span class='ocrx_word' id='word_1_561' title='bbox 537 4273 606 4338; x_wconf 91' lang='lat' dir='ltr'><strong>sint</strong></span> <span class='ocrx_word' id='word_1_562' title='bbox 627 4273 826 4357; x_wconf 88' lang='lat' dir='ltr'><strong>quinamque</strong></span> <span class='ocrx_word' id='word_1_563' title='bbox 846 4281 963 4358; x_wconf 88' lang='lat' dir='ltr'><strong>sponte</strong></span> <span class='ocrx_word' id='word_1_564' title='bbox 985 4270 1175 4339; x_wconf 75' lang='lat' dir='ltr'><strong>humiliem·</strong></span> <span class='ocrx_word' id='word_1_565' title='bbox 1209 4270 1344 4340; x_wconf 87' lang='lat' dir='ltr'><strong>honoris</strong></span> <span class='ocrx_word' id='word_1_566' title='bbox 1371 4273 1486 4357; x_wconf 89' lang='lat' dir='ltr'><strong>gradu</strong></span> <span class='ocrx_word' id='word_1_567' title='bbox 1505 4294 1577 4341; x_wconf 89' lang='lat' dir='ltr'><strong>esse</strong></span> <span class='ocrx_word' id='word_1_568' title='bbox 1605 4272 1816 4339; x_wconf 85' lang='lat' dir='ltr'><strong>oollnnatum:</strong></span> <span class='ocrx_word' id='word_1_569' title='bbox 1846 4279 1883 4339; x_wconf 93' lang='lat' dir='ltr'><strong>ut</strong></span> <span class='ocrx_word' id='word_1_570' title='bbox 1909 4271 2001 4339; x_wconf 87' lang='lat' dir='ltr'><strong>nulla</strong></span> <span class='ocrx_word' id='word_1_571' title='bbox 2021 4291 2129 4356; x_wconf 89' lang='lat' dir='ltr'><strong>neque</strong></span> <span class='ocrx_word' id='word_1_572' title='bbox 2149 4273 2185 4339; x_wconf 88' lang='lat' dir='ltr'><strong>in</strong></span> 
     </span>
     <span class='ocr_line' id='line_1_44' title="bbox 184 4357 2185 4443; baseline 0 -18"><span class='ocrx_word' id='word_1_573' title='bbox 184 4372 240 4427; x_wconf 85' lang='lat' dir='ltr'><strong>tur</strong></span> <span class='ocrx_word' id='word_1_574' title='bbox 265 4379 359 4427; x_wconf 63' lang='grc' dir='ltr'><strong>Ιοιιιιιτ</strong></span> <span class='ocrx_word' id='word_1_575' title='bbox 374 4358 525 4438; x_wconf 77' lang='lat' dir='ltr'><strong>Christo,</strong></span> <span class='ocrx_word' id='word_1_576' title='bbox 561 4357 677 4442; x_wconf 87' lang='lat' dir='ltr'><strong>probat</strong></span> <span class='ocrx_word' id='word_1_577' title='bbox 707 4361 780 4425; x_wconf 88' lang='lat' dir='ltr'><strong>eins</strong></span> <span class='ocrx_word' id='word_1_578' title='bbox 811 4357 971 4441; x_wconf 85' lang='lat' dir='ltr'><strong>exemplo.</strong></span> <span class='ocrx_word' id='word_1_579' title='bbox 1020 4357 1105 4423; x_wconf 86' lang='lat' dir='ltr'><strong>Nam</strong></span> <span class='ocrx_word' id='word_1_580' title='bbox 1138 4377 1159 4423; x_wconf 82' lang='lat' dir='ltr'><strong>a</strong></span> <span class='ocrx_word' id='word_1_581' title='bbox 1209 4358 1308 4435; x_wconf 86' lang='lat' dir='ltr'><strong>noelo,</strong></span> <span class='ocrx_word' id='word_1_582' title='bbox 1332 4358 1494 4442; x_wconf 89' lang='lat' dir='ltr'><strong>usquein</strong></span> <span class='ocrx_word' id='word_1_583' title='bbox 1517 4357 1614 4426; x_wconf 83' lang='lat' dir='ltr'><strong>terrio</strong></span> <span class='ocrx_word' id='word_1_584' title='bbox 1635 4378 1695 4441; x_wconf 82' lang='lat' dir='ltr'><strong>par</strong></span> <span class='ocrx_word' id='word_1_585' title='bbox 1712 4357 1857 4442; x_wconf 85' lang='lat' dir='ltr'><strong>dignitas</strong></span> <span class='ocrx_word' id='word_1_586' title='bbox 1874 4358 2075 4443; x_wconf 79' lang='lat' dir='ltr'><strong>reperiatur:</strong></span> <span class='ocrx_word' id='word_1_587' title='bbox 2097 4357 2185 4425; x_wconf 85' lang='lat' dir='ltr'><strong>unde</strong></span> 
     </span>
     <span class='ocr_line' id='line_1_45' title="bbox 183 4442 2185 4531; baseline -0 -19"><span class='ocrx_word' id='word_1_588' title='bbox 183 4444 429 4531; x_wconf 86' lang='lat' dir='ltr'><strong>despeotissims</strong></span> <span class='ocrx_word' id='word_1_589' title='bbox 456 4449 547 4512; x_wconf 86' lang='lat' dir='ltr'><strong>sorte</strong></span> <span class='ocrx_word' id='word_1_590' title='bbox 568 4456 703 4511; x_wconf 84' lang='lat' dir='ltr'><strong>eventus</strong></span> <span class='ocrx_word' id='word_1_591' title='bbox 723 4445 786 4510; x_wconf 86' lang='lat' dir='ltr'><strong>luit</strong></span> <span class='ocrx_word' id='word_1_592' title='bbox 806 4445 1026 4519; x_wconf 65' lang='lat' dir='ltr'><strong>in-,summsm</strong></span> <span class='ocrx_word' id='word_1_593' title='bbox 1047 4442 1159 4508; x_wconf 86' lang='lat' dir='ltr'><strong>altitu·</strong></span> <span class='ocrx_word' id='word_1_594' title='bbox 1207 4445 1356 4527; x_wconf 88' lang='lat' dir='ltr'><strong>sequitur</strong></span> <span class='ocrx_word' id='word_1_595' title='bbox 1376 4464 1497 4510; x_wconf 90' lang='lat' dir='ltr'><strong>nomen</strong></span> <span class='ocrx_word' id='word_1_596' title='bbox 1518 4465 1589 4511; x_wconf 88' lang='lat' dir='ltr'><strong>esse</strong></span> <span class='ocrx_word' id='word_1_597' title='bbox 1610 4443 1820 4510; x_wconf 83' lang='lat' dir='ltr'><strong>nolloaatum:</strong></span> <span class='ocrx_word' id='word_1_598' title='bbox 1843 4452 1882 4510; x_wconf 90' lang='lat' dir='ltr'><strong>ut</strong></span> <span class='ocrx_word' id='word_1_599' title='bbox 1903 4443 1997 4510; x_wconf 85' lang='lat' dir='ltr'><strong>nulla</strong></span> <span class='ocrx_word' id='word_1_600' title='bbox 2018 4463 2134 4527; x_wconf 88' lang='lat' dir='ltr'><strong>nequo-</strong></span> <span class='ocrx_word' id='word_1_601' title='bbox 2148 4444 2185 4510; x_wconf 91' lang='lat' dir='ltr'><strong>in</strong></span> 
     </span>
     <span class='ocr_line' id='line_1_46' title="bbox 184 4527 2184 4616; baseline -0.002 -17"><span class='ocrx_word' id='word_1_602' title='bbox 184 4531 304 4599; x_wconf 88' lang='lat' dir='ltr'><strong>dinem.</strong></span> <span class='ocrx_word' id='word_1_603' title='bbox 326 4530 532 4615; x_wconf 82' lang='lat' dir='ltr'><strong>Quinumque</strong></span> <span class='ocrx_word' id='word_1_604' title='bbox 547 4550 625 4616; x_wconf 88' lang='lat' dir='ltr'><strong>ergo</strong></span> <span class='ocrx_word' id='word_1_605' title='bbox 639 4549 675 4595; x_wconf 89' lang='lat' dir='ltr'><strong>se</strong></span> <span class='ocrx_word' id='word_1_606' title='bbox 690 4528 855 4614; x_wconf 86' lang='lat' dir='ltr'><strong>humiliat,</strong></span> <span class='ocrx_word' id='word_1_607' title='bbox 869 4528 1020 4596; x_wconf 82' lang='lat' dir='ltr'><strong>similitor</strong></span> <span class='ocrx_word' id='word_1_608' title='bbox 1034 4529 1159 4594; x_wconf 88' lang='lat' dir='ltr'><strong>exalta·</strong></span> <span class='ocrx_word' id='word_1_609' title='bbox 1208 4529 1307 4608; x_wconf 82' lang='lat' dir='ltr'><strong>ooelo.</strong></span> <span class='ocrx_word' id='word_1_610' title='bbox 1330 4549 1437 4614; x_wconf 88' lang='lat' dir='ltr'><strong>neque</strong></span> <span class='ocrx_word' id='word_1_611' title='bbox 1457 4530 1493 4595; x_wconf 93' lang='lat' dir='ltr'><strong>in</strong></span> <span class='ocrx_word' id='word_1_612' title='bbox 1516 4528 1613 4595; x_wconf 91' lang='lat' dir='ltr'><strong>terris</strong></span> <span class='ocrx_word' id='word_1_613' title='bbox 1634 4548 1695 4611; x_wconf 87' lang='lat' dir='ltr'><strong>par</strong></span> <span class='ocrx_word' id='word_1_614' title='bbox 1711 4529 1855 4611; x_wconf 85' lang='lat' dir='ltr'><strong>dignitas</strong></span> <span class='ocrx_word' id='word_1_615' title='bbox 1871 4531 2072 4614; x_wconf 85' lang='lat' dir='ltr'><strong>reperiatur:</strong></span> <span class='ocrx_word' id='word_1_616' title='bbox 2096 4527 2184 4596; x_wconf 85' lang='lat' dir='ltr'><strong>unda</strong></span> 
     </span>
     <span class='ocr_line' id='line_1_47' title="bbox 184 4613 2197 4700; baseline -0.001 -15"><span class='ocrx_word' id='word_1_617' title='bbox 184 4618 292 4685; x_wconf 70' lang='lat' dir='ltr'><strong>bitur·</strong></span> <span class='ocrx_word' id='word_1_618' title='bbox 339 4613 424 4697; x_wconf 78' lang='lat' dir='ltr'><strong>Quis</strong></span> <span class='ocrx_word' id='word_1_619' title='bbox 452 4636 542 4683; x_wconf 90' lang='lat' dir='ltr'><strong>nuno</strong></span> <span class='ocrx_word' id='word_1_620' title='bbox 570 4615 823 4682; x_wconf 85' lang='lat' dir='ltr'><strong>submissionem</strong></span> <span class='ocrx_word' id='word_1_621' title='bbox 853 4624 1000 4695; x_wconf 77' lang='lat' dir='ltr'><strong>monast,</strong></span> <span class='ocrx_word' id='word_1_622' title='bbox 1030 4635 1094 4700; x_wconf 85' lang='lat' dir='ltr'><strong>qus</strong></span> <span class='ocrx_word' id='word_1_623' title='bbox 1121 4614 1156 4680; x_wconf 91' lang='lat' dir='ltr'><strong>in</strong></span> <span class='ocrx_word' id='word_1_624' title='bbox 1208 4616 1356 4699; x_wconf 90' lang='lat' dir='ltr'><strong>seqnitur</strong></span> <span class='ocrx_word' id='word_1_625' title='bbox 1379 4635 1497 4682; x_wconf 89' lang='lat' dir='ltr'><strong>nomen</strong></span> <span class='ocrx_word' id='word_1_626' title='bbox 1517 4634 1589 4682; x_wconf 87' lang='lat' dir='ltr'><strong>esse</strong></span> <span class='ocrx_word' id='word_1_627' title='bbox 1610 4613 1770 4681; x_wconf 81' lang='lat' dir='ltr'><strong>divinum.</strong></span> <span class='ocrx_word' id='word_1_628' title='bbox 1815 4617 1925 4699; x_wconf 78' lang='lat' dir='ltr'><strong>Atque</strong></span> <span class='ocrx_word' id='word_1_629' title='bbox 1945 4615 1979 4682; x_wconf 92' lang='lat' dir='ltr'><strong>id</strong></span> <span class='ocrx_word' id='word_1_630' title='bbox 2001 4615 2102 4682; x_wconf 84' lang='lat' dir='ltr'><strong>etism</strong></span> <span class='ocrx_word' id='word_1_631' title='bbox 2123 4635 2197 4683; x_wconf 81' lang='lat' dir='ltr'><strong>ex·-</strong></span> 
     </span>
     <span class='ocr_line' id='line_1_48' title="bbox 183 4698 2186 4852; baseline -0 -83"><span class='ocrx_word' id='word_1_632' title='bbox 183 4703 324 4789; x_wconf 89' lang='lat' dir='ltr'><strong>gloriam</strong></span> <span class='ocrx_word' id='word_1_633' title='bbox 360 4701 455 4786; x_wconf 89' lang='lat' dir='ltr'><strong>regni</strong></span> <span class='ocrx_word' id='word_1_634' title='bbox 489 4700 640 4768; x_wconf 83' lang='lat' dir='ltr'><strong>eoelestis</strong></span> <span class='ocrx_word' id='word_1_635' title='bbox 662 4700 921 4768; x_wconf 80' lang='lat' dir='ltr'><strong>nonsoenditur?</strong></span> <span class='ocrx_word' id='word_1_636' title='bbox 966 4700 1032 4767; x_wconf 83' lang='lat' dir='ltr'><strong>Hie</strong></span> <span class='ocrx_word' id='word_1_637' title='bbox 1066 4699 1158 4768; x_wconf 88' lang='lat' dir='ltr'><strong>lonns</strong></span> <span class='ocrx_word' id='word_1_638' title='bbox 1209 4701 1300 4784; x_wconf 89' lang='lat' dir='ltr'><strong>ponit</strong></span> <span class='ocrx_word' id='word_1_639' title='bbox 1320 4701 1486 4770; x_wconf 85' lang='lat' dir='ltr'><strong>adduosna</strong></span> <span class='ocrx_word' id='word_1_640' title='bbox 1507 4700 1607 4768; x_wconf 82' lang='lat' dir='ltr'><strong>rerba</strong></span> <span class='ocrx_word' id='word_1_641' title='bbox 1627 4698 1753 4766; x_wconf 81' lang='lat' dir='ltr'><strong>lessies</strong></span> <span class='ocrx_word' id='word_1_642' title='bbox 1774 4699 1841 4787; x_wconf 79' lang='lat'>(45,</span> <span class='ocrx_word' id='word_1_643' title='bbox 1856 4701 1923 4787; x_wconf 81' lang='grc'>23),</span> <span class='ocrx_word' id='word_1_644' title='bbox 1949 4700 2004 4768; x_wconf 88' lang='lat' dir='ltr'><strong>ubi</strong></span> <span class='ocrx_word' id='word_1_645' title='bbox 2014 4700 2186 4852; x_wconf 61' lang='lat' dir='ltr'><strong>Xroplunta·</strong></span> 
     </span>
     <span class='ocr_line' id='line_1_49' title="bbox 184 4786 2198 4873; baseline -0.004 -15"><span class='ocrx_word' id='word_1_646' title='bbox 184 4790 387 4858; x_wconf 75' lang='lat' dir='ltr'><strong>messionem</strong></span> <span class='ocrx_word' id='word_1_647' title='bbox 421 4787 512 4853; x_wconf 89' lang='lat' dir='ltr'><strong>dedit</strong></span> <span class='ocrx_word' id='word_1_648' title='bbox 544 4786 718 4872; x_wconf 83' lang='lat' dir='ltr'><strong>sophistis,</strong></span> <span class='ocrx_word' id='word_1_649' title='bbox 757 4788 810 4855; x_wconf 80' lang='lat' dir='ltr'><strong>vel</strong></span> <span class='ocrx_word' id='word_1_650' title='bbox 841 4786 1050 4873; x_wconf 88' lang='lat' dir='ltr'><strong>ipsi-potius</strong></span> <span class='ocrx_word' id='word_1_651' title='bbox 1085 4806 1157 4853; x_wconf 89' lang='lat' dir='ltr'><strong>sam</strong></span> <span class='ocrx_word' id='word_1_652' title='bbox 1207 4786 1248 4853; x_wconf 89' lang='lat' dir='ltr'><strong>ds</strong></span> <span class='ocrx_word' id='word_1_653' title='bbox 1273 4788 1365 4854; x_wconf 89' lang='lat' dir='ltr'><strong>uultu</strong></span> <span class='ocrx_word' id='word_1_654' title='bbox 1393 4787 1458 4853; x_wconf 89' lang='lat' dir='ltr'><strong>Dei</strong></span> <span class='ocrx_word' id='word_1_655' title='bbox 1485 4807 1545 4871; x_wconf 89' lang='lat' dir='ltr'><strong>per</strong></span> <span class='ocrx_word' id='word_1_656' title='bbox 1570 4790 1676 4851; x_wconf 87' lang='lat' dir='ltr'><strong>totum</strong></span> <span class='ocrx_word' id='word_1_657' title='bbox 1705 4788 1817 4853; x_wconf 88' lang='lat' dir='ltr'><strong>orbem</strong></span> <span class='ocrx_word' id='word_1_658' title='bbox 1845 4807 2013 4872; x_wconf 86' lang='lat' dir='ltr'><strong>propagan</strong></span> <span class='ocrx_word' id='word_1_659' title='bbox 2036 4806 2058 4853; x_wconf 94' lang='lat' dir='ltr'><strong>o</strong></span> <span class='ocrx_word' id='word_1_660' title='bbox 2082 4786 2198 4855; x_wconf 63' lang='lat' dir='ltr'><strong>disses</strong></span> 
     </span>
     <span class='ocr_line' id='line_1_50' title="bbox 184 4868 2183 5023; baseline 0 -83"><span class='ocrx_word' id='word_1_661' title='bbox 184 4875 405 4959; x_wconf 86' lang='lat' dir='ltr'><strong>arripuerunt,</strong></span> <span class='ocrx_word' id='word_1_662' title='bbox 429 4882 467 4939; x_wconf 91' lang='lat' dir='ltr'><strong>ut</strong></span> <span class='ocrx_word' id='word_1_663' title='bbox 496 4872 645 4941; x_wconf 88' lang='lat' dir='ltr'><strong>dioerent</strong></span> <span class='ocrx_word' id='word_1_664' title='bbox 663 4872 833 4940; x_wconf 82' lang='lat' dir='ltr'><strong>Christum</strong></span> <span class='ocrx_word' id='word_1_665' title='bbox 849 4874 954 4960; x_wconf 91' lang='lat' dir='ltr'><strong>primo</strong></span> <span class='ocrx_word' id='word_1_666' title='bbox 976 4872 1037 4939; x_wconf 90' lang='lat' dir='ltr'><strong>sibi</strong></span> <span class='ocrx_word' id='word_1_667' title='bbox 1059 4874 1157 4937; x_wconf 85' lang='lat' dir='ltr'><strong>meri·</strong></span> <span class='ocrx_word' id='word_1_668' title='bbox 1208 4893 1294 4950; x_wconf 90' lang='lat' dir='ltr'><strong>rens,</strong></span> <span class='ocrx_word' id='word_1_669' title='bbox 1321 4874 1368 4939; x_wconf 90' lang='lat' dir='ltr'><strong>ita</strong></span> <span class='ocrx_word' id='word_1_670' title='bbox 1389 4873 1575 4958; x_wconf 89' lang='lat' dir='ltr'><strong>loquentem</strong></span> <span class='ocrx_word' id='word_1_671' title='bbox 1597 4868 1721 4937; x_wconf 91' lang='lat' dir='ltr'><strong>indunit</strong></span> <span class='ocrx_word' id='word_1_672' title='bbox 1743 4872 1862 4952; x_wconf 89' lang='lat' dir='ltr'><strong>Deum,</strong></span> <span class='ocrx_word' id='word_1_673' title='bbox 1891 4873 1979 4939; x_wconf 81' lang='lat' dir='ltr'><strong>Vivo</strong></span> <span class='ocrx_word' id='word_1_674' title='bbox 2000 4891 2072 5023; x_wconf 57' lang='lat' dir='ltr'><strong>ogo.</strong></span> <span class='ocrx_word' id='word_1_675' title='bbox 2098 4872 2183 4940; x_wconf 84' lang='lat' dir='ltr'><strong>mihi</strong></span> 
     </span>
     <span class='ocr_line' id='line_1_51' title="bbox 185 4957 2184 5043; baseline 0 -19"><span class='ocrx_word' id='word_1_676' title='bbox 185 4972 254 5026; x_wconf 91' lang='lat' dir='ltr'><strong>tum</strong></span> <span class='ocrx_word' id='word_1_677' title='bbox 283 4981 365 5042; x_wconf 67' lang='lat' dir='ltr'><strong>use,</strong></span> <span class='ocrx_word' id='word_1_678' title='bbox 392 4958 510 5027; x_wconf 69' lang='lat' dir='ltr'><strong>dunds</strong></span> <span class='ocrx_word' id='word_1_679' title='bbox 539 4959 622 5028; x_wconf 90' lang='lat' dir='ltr'><strong>aliis.</strong></span> <span class='ocrx_word' id='word_1_680' title='bbox 656 4959 805 5026; x_wconf 85' lang='lat' dir='ltr'><strong>Primum</strong></span> <span class='ocrx_word' id='word_1_681' title='bbox 825 4960 954 5026; x_wconf 88' lang='lat' dir='ltr'><strong>etiamsi</strong></span> <span class='ocrx_word' id='word_1_682' title='bbox 976 4957 1060 5024; x_wconf 86' lang='lat' dir='ltr'><strong>nihil</strong></span> <span class='ocrx_word' id='word_1_683' title='bbox 1082 4957 1156 5022; x_wconf 85' lang='lat' dir='ltr'><strong>ialsi</strong></span> <span class='ocrx_word' id='word_1_684' title='bbox 1206 4959 1355 5026; x_wconf 88' lang='lat' dir='ltr'><strong>fleotetur</strong></span> <span class='ocrx_word' id='word_1_685' title='bbox 1378 4978 1477 5026; x_wconf 91' lang='lat' dir='ltr'><strong>omne</strong></span> <span class='ocrx_word' id='word_1_686' title='bbox 1497 4975 1599 5042; x_wconf 87' lang='lat' dir='ltr'><strong>genu:</strong></span> <span class='ocrx_word' id='word_1_687' title='bbox 1628 4964 1663 5022; x_wconf 89' lang='lat' dir='ltr'><strong>et</strong></span> <span class='ocrx_word' id='word_1_688' title='bbox 1682 4961 1789 5025; x_wconf 87' lang='lat' dir='ltr'><strong>omnis</strong></span> <span class='ocrx_word' id='word_1_689' title='bbox 1811 4960 1924 5043; x_wconf 88' lang='lat' dir='ltr'><strong>lingua</strong></span> <span class='ocrx_word' id='word_1_690' title='bbox 1946 4960 2019 5025; x_wconf 90' lang='lat' dir='ltr'><strong>iura</strong></span> <span class='ocrx_word' id='word_1_691' title='bbox 2040 4959 2068 5024; x_wconf 90' lang='lat' dir='ltr'><strong>it</strong></span> <span class='ocrx_word' id='word_1_692' title='bbox 2088 4957 2184 5037; x_wconf 73' lang='lat' dir='ltr'><strong>nint,</strong></span> 
     </span>
     <span class='ocr_line' id='line_1_52' title="bbox 186 5041 2195 5132; baseline 0 -22"><span class='ocrx_word' id='word_1_693' title='bbox 186 5045 341 5130; x_wconf 90' lang='lat' dir='ltr'><strong>dioerent,</strong></span> <span class='ocrx_word' id='word_1_694' title='bbox 363 5056 474 5114; x_wconf 91' lang='lat' dir='ltr'><strong>tamen</strong></span> <span class='ocrx_word' id='word_1_695' title='bbox 494 5045 674 5132; x_wconf 81' lang='lat' dir='ltr'><strong>fugiendae</strong></span> <span class='ocrx_word' id='word_1_696' title='bbox 690 5056 768 5113; x_wconf 90' lang='lat' dir='ltr'><strong>sunt</strong></span> <span class='ocrx_word' id='word_1_697' title='bbox 789 5047 944 5130; x_wconf 81' lang='lat' dir='ltr'><strong>protense</strong></span> <span class='ocrx_word' id='word_1_698' title='bbox 965 5045 1048 5110; x_wconf 84' lang='lat' dir='ltr'><strong>istae</strong></span> <span class='ocrx_word' id='word_1_699' title='bbox 1068 5041 1156 5126; x_wconf 84' lang='lat' dir='ltr'><strong>nogi-</strong></span> <span class='ocrx_word' id='word_1_700' title='bbox 1207 5055 1268 5111; x_wconf 89' lang='lat' dir='ltr'><strong>stn.</strong></span> <span class='ocrx_word' id='word_1_701' title='bbox 1320 5044 1457 5111; x_wconf 86' lang='lat' dir='ltr'><strong>Oerturn</strong></span> <span class='ocrx_word' id='word_1_702' title='bbox 1485 5058 1536 5110; x_wconf 91' lang='lat' dir='ltr'><strong>est</strong></span> <span class='ocrx_word' id='word_1_703' title='bbox 1563 5054 1688 5121; x_wconf 84' lang='lat' dir='ltr'><strong>autem,</strong></span> <span class='ocrx_word' id='word_1_704' title='bbox 1719 5044 1940 5120; x_wconf 83' lang='lat' dir='ltr'><strong>adorationem</strong></span> <span class='ocrx_word' id='word_1_705' title='bbox 1968 5042 2036 5111; x_wconf 86' lang='lat' dir='ltr'><strong>illio</strong></span> <span class='ocrx_word' id='word_1_706' title='bbox 2064 5045 2195 5122; x_wconf 71' lang='lat' dir='ltr'><strong>notari..</strong></span> 
     </span>
     <span class='ocr_line' id='line_1_53' title="bbox 184 5128 2182 5219; baseline 0 -22"><span class='ocrx_word' id='word_1_707' title='bbox 184 5129 324 5200; x_wconf 60' lang='lat' dir='ltr'><strong>wenna</strong></span> <span class='ocrx_word' id='word_1_708' title='bbox 345 5138 429 5219; x_wconf 87' lang='lat' dir='ltr'><strong>quae</strong></span> <span class='ocrx_word' id='word_1_709' title='bbox 450 5132 576 5200; x_wconf 85' lang='lat' dir='ltr'><strong>Christi</strong></span> <span class='ocrx_word' id='word_1_710' title='bbox 596 5132 737 5217; x_wconf 82' lang='lat' dir='ltr'><strong>gratiam</strong></span> <span class='ocrx_word' id='word_1_711' title='bbox 758 5132 943 5198; x_wconf 74' lang='lat' dir='ltr'><strong>obfuerant:</strong></span> <span class='ocrx_word' id='word_1_712' title='bbox 974 5132 1052 5194; x_wconf 89' lang='lat' dir='ltr'><strong>dnm</strong></span> <span class='ocrx_word' id='word_1_713' title='bbox 1074 5129 1156 5193; x_wconf 88' lang='lat' dir='ltr'><strong>ima·</strong></span> <span class='ocrx_word' id='word_1_714' title='bbox 1205 5145 1288 5213; x_wconf 84' lang='lat' dir='ltr'><strong>quas</strong></span> <span class='ocrx_word' id='word_1_715' title='bbox 1308 5129 1370 5197; x_wconf 88' lang='lat' dir='ltr'><strong>soli</strong></span> <span class='ocrx_word' id='word_1_716' title='bbox 1391 5128 1695 5214; x_wconf 83' lang='lat' dir='ltr'><strong>Deopenuliariter</strong></span> <span class='ocrx_word' id='word_1_717' title='bbox 1715 5131 1877 5197; x_wconf 81' lang='lat' dir='ltr'><strong>eonvenit.</strong></span> <span class='ocrx_word' id='word_1_718' title='bbox 1922 5128 1998 5197; x_wconf 83' lang='lat' dir='ltr'><strong>Soio</strong></span> <span class='ocrx_word' id='word_1_719' title='bbox 2020 5128 2182 5214; x_wconf 85' lang='lat' dir='ltr'><strong>quosdam</strong></span> 
     </span>
    </p>
   </div>
   <div class='ocr_carea' id='block_1_5' title="bbox 184 5215 2200 5388">
    <p class='ocr_par' dir='ltr' id='par_1_6' title="bbox 184 5215 2200 5388">
     <span class='ocr_line' id='line_1_54' title="bbox 295 5215 2053 5302; baseline 0 -17"><span class='ocrx_word' id='word_1_720' title='bbox 295 5239 335 5285; x_wconf 90' lang='lat' dir='ltr'><strong>ur</strong></span> <span class='ocrx_word' id='word_1_721' title='bbox 368 5219 433 5292; x_wconf 82' lang='lat' dir='ltr'><strong>alia</strong></span> <span class='ocrx_word' id='word_1_722' title='bbox 464 5239 561 5302; x_wconf 81' lang='lat' dir='ltr'><strong>qnam</strong></span> <span class='ocrx_word' id='word_1_723' title='bbox 583 5216 699 5285; x_wconf 87' lang='lat' dir='ltr'><strong>salutis</strong></span> <span class='ocrx_word' id='word_1_724' title='bbox 728 5228 859 5283; x_wconf 84' lang='lat' dir='ltr'><strong>nostrae</strong></span> <span class='ocrx_word' id='word_1_725' title='bbox 884 5235 984 5283; x_wconf 73' lang='lat' dir='ltr'><strong>naum</strong></span> <span class='ocrx_word' id='word_1_726' title='bbox 1014 5215 1153 5281; x_wconf 83' lang='lat' dir='ltr'><strong>venisse.</strong></span> <span class='ocrx_word' id='word_1_727' title='bbox 1506 5280 1508 5284; x_wconf 76' lang='grc'><strong>,</strong></span> <span class='ocrx_word' id='word_1_728' title='bbox 1634 5266 1635 5271; x_wconf 32' lang='lat'>1</span> <span class='ocrx_word' id='word_1_729' title='bbox 1987 5262 1990 5267; x_wconf 55' lang='lat'>&gt;</span> <span class='ocrx_word' id='word_1_730' title='bbox 2051 5284 2053 5289; x_wconf 84' lang='grc'>,</span> 
     </span>
     <span class='ocr_line' id='line_1_55' title="bbox 184 5238 2200 5388; baseline -0.002 -19"><span class='ocrx_word' id='word_1_731' title='bbox 184 5238 364 5388; x_wconf 51' lang='lat' dir='ltr'><strong>belismum</strong></span> <span class='ocrx_word' id='word_1_732' title='bbox 395 5303 504 5371; x_wconf 85' lang='lat' dir='ltr'><strong>videat</strong></span> <span class='ocrx_word' id='word_1_733' title='bbox 533 5304 596 5371; x_wconf 89' lang='lat' dir='ltr'><strong>hoo</strong></span> <span class='ocrx_word' id='word_1_734' title='bbox 616 5324 638 5368; x_wconf 85' lang='lat' dir='ltr'><strong>s</strong></span> <span class='ocrx_word' id='word_1_735' title='bbox 660 5301 784 5371; x_wconf 73' lang='lat' dir='ltr'><strong>sauna</strong></span> <span class='ocrx_word' id='word_1_736' title='bbox 812 5299 1157 5387; x_wconf 81' lang='lat' dir='ltr'><strong>suggeri,·0lrristum</strong></span> <span class='ocrx_word' id='word_1_737' title='bbox 1293 5309 1984 5386; x_wconf 64' lang='lat' dir='ltr'><strong>*nepsamrsmxvnguusnnmnnt</strong></span> <span class='ocrx_word' id='word_1_738' title='bbox 2069 5350 2080 5361; x_wconf 89' lang='lat'><strong>..</strong></span> <span class='ocrx_word' id='word_1_739' title='bbox 2126 5346 2138 5357; x_wconf 33' lang='grc' dir='ltr'><strong>ι</strong></span> <span class='ocrx_word' id='word_1_740' title='bbox 2193 5346 2200 5364; x_wconf 82' lang='lat'>.</span> 
     </span>
    </p>
   </div>
   <div class='ocr_carea' id='block_1_6' title="bbox 0 0 2386 6016">
    <p class='ocr_par' dir='ltr' id='par_1_7' title="bbox 0 0 2386 6016">
     <span class='ocr_line' id='line_1_56' title="bbox 0 0 2386 6016; baseline 0 2"><span class='ocrx_word' id='word_1_741' title='bbox 0 0 2386 6016; x_wconf 95' lang='lat' dir='ltr'><strong> </strong></span> 
     </span>
    </p>
   </div>
  </div>
 </body>
</html>
