4762 6016
187 401 250 468 385
1069 397 1219 464 CAPUT
1241 395 1301 464 IV.
2121 401 2186 469 386

188 594 271 680 quod
305 594 366 660 sibi
400 593 580 659 iniunotum
616 601 674 657 eat.
720 591 810 676 Ilrgo
839 591 1025 658 siouti‘tota
1048 602 1159 657 nostra
1212 603 1294 658 nutu
1334 592 1403 658 solo
1441 616 1498 660 nos
1536 594 1681 660 traheret
1715 594 1840 662 Christi
1873 595 2032 662 minister.
2088 596 2185 664 Nune

188 680 347 765 sapientia
376 680 409 744 in
440 677 608 761 seripturis
631 677 755 744 inolusa
777 684 837 757 est,
868 697 928 743 neo
950 674 1083 742 aliunde
1107 676 1158 742 vel
1212 684 1319 744 autem
1336 699 1378 744 ne
1394 679 1579 746 moderatae
1593 680 1724 762 quidem
1739 681 1992 761 exhortationes,
2015 702 2056 748 ua
2078 680 2185 748 dioam

187 787 248 833 nos
281 785 394 849 sapere
426 762 594 843 dabam,
627 763 680 828 vel
713 763 859 829 deuteres
892 762 1041 838 haurire,
1074 761 1159 844 quod
1211 782 1292 828 sana
1324 764 1468 842 oonsilia,
1502 765 1714 832 exentieudae
1745 774 1874 832 nostrae
1904 765 2052 832 tarditati
2092 768 2185 833 sulfi-

189 852 332 918 tradant:
362 851 408 916 ita
429 850 496 933 qui,
526 849 700 934 praeterito
722 849 818 914 vivae
841 849 931 914 vonis
953 847 1158 927 adminioulo,
1211 849 1313 933 uiant,
1342 850 1405 916 nisi
1428 851 1558 918 aeoedat
1582 852 1686 917 maior
1708 852 1997 936 reprehensionum
2020 862 2053 918 et
2074 850 2185 918 obiur-

189 945 279 1003 muta
307 936 468 1020 seriptura
494 942 668 1002 eontentus
690 934 764 1015 erit,
793 934 980 1018 experietur
1002 944 1159 1017 quantum
1211 935 1376 1019 gatianum
1400 937 1616 1003 vehementia.

189 1021 312 1089 malum
339 1023 392 1106 sit,
425 1022 660 1104 praesoriptam
690 1020 817 1086 aDeo
846 1028 886 1086 et
907 1019 1071 1086 Christo
1094 1017 1159 1085 dia·
1259 1054 1263 1063 ·
1299 1019 1378 1087 Cum
1399 1024 1483 1088 omui
1505 1023 1637 1088 unaue.
1680 1022 1787 1088 Valde
1816 1021 2000 1088 neeessaria
2024 1023 2185 1107 exeeptio.

188 1107 281 1174 nendi
311 1108 397 1174 viam
427 1107 602 1192 negligere
652 1106 909 1184 Meminerimus,
936 1107 1079 1188 inquam,
1113 1106 1160 1171 sie
1212 1105 1298 1171 Nam
1314 1107 1368 1172 vel
1390 1128 1450 1173 suo
1473 1109 1562 1192 ipsae
1584 1107 1711 1192 impetu
1734 1107 1907 1175 ooneiduut
1929 1106 2025 1174 redar
2048 1108 2186 1190 utiunes,

189 1193 341 1261 omnibus
355 1192 575 1260 uommendari
595 1192 773 1276 seripturae
795 1190 975 1270 leotionem,
999 1202 1034 1257 ut
1055 1199 1161 1274 pasto-
1214 1193 1264 1256 rel
1298 1191 1331 1256 in
1365 1192 1493 1258 fumum
1527 1194 1656 1273 abeunt,
1690 1194 1752 1259 uisi
1787 1192 1965 1260 doetrina
1997 1129 2185 1261 induuntur.

188 1298 262 1345 rum
291 1280 506 1345 ministerium
537 1298 609 1343 eam
638 1278 772 1342 minime
799 1277 963 1359 impediat.
1018 1277 1160 1359 Ideoque
1213 1275 1301 1345 Sunt
1329 1278 1415 1343 enim
1441 1289 1506 1344 tam
1530 1279 1773 1346 exhortationes
1794 1299 1891 1364 quam
1915 1280 2185 1363 reprehensiones

188 1370 256 1430 tam
300 1362 439 1449 legendo
477 1384 574 1448 quam
614 1361 773 1428 audiendo
813 1363 967 1446 profluere
1008 1361 1162 1427 studeant
1213 1363 1403 1429 adiumenta
1417 1363 1582 1431 doetrinae
1598 1375 1740 1431 tantum:
1761 1365 1896 1448 ideoque
1914 1364 1985 1431 siue
2007 1386 2045 1431 ea
2067 1386 2184 1449 parum

188 1449 318 1516 fideles:
347 1452 423 1533 quia
445 1459 619 1533 utrumque
642 1469 704 1513 uon
725 1448 850 1514 trustra
871 1446 963 1513 Deus
986 1447 1160 1514 ordinavit.
1214 1459 1290 1515 sunt
1321 1448 1460 1516 validae.
1505 1450 1609 1518 Cuius
1638 1453 1685 1517 rei
1707 1451 1856 1535 exemplo
1878 1461 1957 1515 sunt
1980 1451 2035 1534 qui
2057 1451 2188 1518 fervore

188 1534 298 1620 Atque
313 1540 350 1602 ut
366 1536 401 1600 in
420 1556 456 1600 re
477 1536 619 1600 maxime
641 1534 735 1616 aeria,
758 1533 1009 1599 obtestationem
1030 1533 1162 1598 adhibet
1214 1544 1340 1600 tanturn
1364 1545 1397 1601 et
1418 1536 1596 1603 aerimonia
1619 1536 1750 1621 pollent,
1776 1535 1880 1603 solida
1902 1548 2011 1602 autem
2035 1536 2187 1604 doetrina

189 1620 328 1702 Paulus,
364 1619 536 1687 Timotheo
574 1619 683 1684 Deum
721 1618 886 1683 vindioem
927 1618 1161 1702 Christumque
1214 1640 1282 1686 non
1304 1625 1381 1689 suut
1403 1622 1540 1688 muniti·
1569 1621 1709 1689 Strenue
1724 1624 1811 1688 enim
1826 1644 1862 1688 ee
1877 1621 2024 1706 fatigant,
2047 1641 2184 1705 magnos

188 1705 328 1774 iudicem
357 1726 550 1791 proponens,
579 1705 608 1770 si
634 1705 668 1769 in
691 1704 796 1770 offioio
820 1703 955 1782 doeendi
976 1705 1160 1771 oeasaverit.
1214 1708 1315 1773 edunt
1336 1707 1502 1787 elamores,
1530 1708 1783 1774 tumultuantur:
1806 1706 1905 1791 idque
1932 1711 2001 1773 stne
2023 1706 2184 1790 profesta,

188 1791 234 1856 Et
248 1801 337 1857 oerte
351 1790 624 1875 quemadmodum
647 1789 875 1855 inaestimabili
898 1789 1033 1874 pignore
1055 1801 1162 1856 osten·
1214 1795 1290 1878 quia
1327 1793 1500 1860 aedideant
1536 1792 1656 1876 absque
1693 1793 1913 1859 fundamento.
1972 1791 2108 1876 Loquor
2143 1792 2186 1858 de

191 1874 239 1943 dit
253 1876 354 1960 Deus,
376 1896 477 1960 quum
492 1875 559 1942 filio
575 1876 745 1963 unigenito
761 1897 825 1943 non
848 1876 1001 1959 peperoit,
1023 1886 1163 1962 quantae
1214 1879 1306 1945 bonis
1335 1879 1463 1962 alioqui,
1493 1878 1549 1945 ssd
1573 1899 1689 1960 pamm
1712 1878 1850 1944 eruditis
1873 1886 1905 1943 et
1927 1879 2063 1943 nimium
2087 1878 2186 1945 lersi-

190 1983 286 2030 nurae
318 1962 456 2028 salutem
490 1962 644 2048 eeelesiae
677 1982 755 2027 suae
786 1962 919 2028 habeat:
952 1961 998 2030 ita
1028 1966 1161 2048 impune
1214 1964 1272 2030 dis.
1317 1965 1399 2031 Nam
1430 1966 1484 2048 qui
1515 1963 1555 2029 ad
1586 1963 1836 2048 oppugnandam
1867 1982 1979 2030 sanam
2004 1963 2186 2032 doetrinam

191 2069 257 2114 non
290 2048 375 2132 sinet
407 2048 513 2132 perire
541 2045 670 2114 animas
699 2046 752 2133 vel
782 2048 903 2132 exponi
932 2048 965 2116 in
995 2050 1161 2134 praedam,
1213 2051 1385 2116 onnlerunt
1404 2049 1559 2133 quidquid
1581 2049 1702 2115 habeut
1725 2051 1961 2128 vehementiae,
1989 2048 2085 2133 longe
2107 2059 2185 2116 eunt

191 2145 354 2220 pastorum
371 2133 578 2218 negligentia,
601 2152 681 2217 quas
700 2142 766 2198 tam
788 2154 863 2201 earo
886 2137 989 2217 pretio
1012 2135 1159 2202 redemit.
1213 2137 1426 2217 noeeutiores,
1449 2146 1481 2201 et
1502 2134 1631 2218 indigni
1652 2156 1791 2217 quorum
1813 2134 1868 2201 hio
1890 2135 1948 2199 flat
1970 2136 2102 2200 mentio.
2142 2136 2187 2200 In

192 2219 390 2285 Praesertim
418 2232 527 2286 autem
557 2219 680 2285 insistit
709 2219 888 2287 inebriati
919 2220 1052 2289 iudioio:
1086 2222 1162 2304 quia
1212 2241 1351 2302 summa,
1384 2221 1507 2287 Paulus
1536 2221 1608 2286 vult
1636 2220 1903 2304 reprehensiones
1935 2219 2084 2286 fundatas
2112 2241 2188 2285 esse

192 2306 286 2372 siouti
301 2305 371 2371 eiua
387 2325 558 2390 personam
575 2306 784 2386 sustinemus,
807 2306 1034 2374 iterationem
1057 2311 1162 2378 malae
1212 2310 1247 2373 in
1278 2309 1432 2384 doetrina,
1463 2327 1504 2373 ne
1531 2307 1646 2373 merito
1667 2313 1865 2390 spernantur
1887 2318 2041 2387 tanquam
2064 2305 2186 2372 futiles.¹

193 2390 484 2457 administrationis
534 2391 680 2456 severius
724 2396 879 2475 reposoet.
945 2393 1161 2462 Iudioabit
1213 2395 1365 2462 Seoundo
1386 2393 1599 2460 acrimoniam
1620 2391 1691 2457 vult
1713 2391 1847 2457 lenitate
1869 2399 2080 2474 temperatam
2100 2411 2182 2458 esser

190 2476 394 2543 Christus
416 2487 487 2556 ote,
515 2476 657 2577 honest,
683 2495 764 2561 quos
778 2477 978 2579 'superstites
999 2479 1105 2548 adhue
1127 2483 1160 2548 in
1213 2480 1303 2545 Nihil
1334 2481 1420 2546 enim
1450 2478 1614 2578 dilheilius
1642 2486 1692 2544 est
1713 2497 1819 2560 quam,
1849 2475 1902 2541 ubi
1926 2475 2034 2575 semel>
2048 2475 2184 2576 inealuif

189 2561 605 2732 idgridiiveiiblmbeiidbedb
624 2573 1161 2736 iridibeiuidmdibilldilllirilridtmodii3
1213 2560 2183 2734 riuis,rapiduiibpbiiddiieaie'siirbstrpdroiddtvdrbontbbldimirbl.

191 2734 345 2816 paritio
374 2733 499 2800 Christi
527 2746 565 2800 et
593 2754 764 2821 regnum
794 2735 879 2800 idem
909 2737 1030 2805 valent.
1074 2738 1159 2804 Nam
1212 2737 1447 2820 Praeterquam
1482 2736 1568 2800 enim
1597 2735 1682 2818 quod
1713 2734 1854 2802 ludibrio
1885 2741 1934 2800 eet
1957 2742 2068 2799 nostra
2089 2753 2182 2816 aspe-

192 2819 321 2884 tametsi
352 2839 440 2884 nuno
461 2842 496 2886 re
520 2829 577 2885 nat
598 2818 633 2886 in
655 2820 745 2887 eoelo
767 2828 802 2887 at
822 2821 855 2886 in
879 2827 983 2888 terra:
1013 2824 1159 2890 nondum
1213 2828 1303 2909 ritas
1325 2825 1433 2889 irritat
1447 2822 1544 2886 etiam
1561 2820 1669 2903 populi
1692 2822 1829 2887 animos.
1866 2817 1960 2884 Adde
1982 2816 2069 2902 quod
2091 2838 2183 2885 aeres

190 2911 300 3003 tamen
329 2915 458 2971 eonstat
486 2841 574 2972 niara
602 2908 694 2991 regni
717 2907 789 2972 eius
809 2907 1046 2974 manifestatio:
1079 2912 1160 2992 quin
1212 2922 1246 2978 et
1277 2910 1384 2977 severi
1420 2907 1569 2973 homines
1590 2914 1628 2971 ut
1649 2904 1824 2990 plurimum
1846 2904 1985 2981 tolerare
2017 2912 2183 3002 nequeunt

189 2999 297 3071 potrus
320 3000 354 3055 et
375 2990 437 3057 sub
458 3011 554 3059 eruee
576 2990 654 3060 latet
675 2992 860 3069 obseurum,
882 3000 916 3058 et
938 2993 1099 3060 violenter
1120 2995 1161 3060 ab
1213 3018 1334 3073 eurum,
1351 2993 1542 3079 quibusoam
1561 3004 1672 3074 agunt,
1694 2991 1857 3074 duritiem,
1880 3011 1939 3057 nea
1953 2988 2057 3055 multa
2075 2987 2182 3055 taedia

190 3075 338 3141 hostibus
369 3087 588 3162 oppugnatur.
619 3080 729 3163 ·Ilrg0
761 3090 840 3144 tuno
871 3099 949 3146 vere
977 3079 1161 3147 stabilietur
1214 3094 1261 3149 st·
1283 3081 1493 3166 indignitates
1533 3076 1690 3144 devorare
1730 3077 1909 3158 sustinent,
1948 3095 2032 3157 quae
2070 3083 2181 3140 tamen

189 3162 274 3227 eius·
291 3181 447 3246 ragnum,
480 3183 579 3247 quum
613 3168 786 3251 prostratis
817 3167 973 3247 inimiois,
1007 3182 1040 3236 et
1072 3169 1161 3235 omni
1212 3165 1440 3251 ooneoquenda
1457 3163 1548 3230 nobis
1569 3164 1705 3247 suntsi
1727 3162 1880 3247 prodesse
1901 3161 2060 3245 oupimus.
2084 3158 2183 3226 >Pro·

189 3246 379 3314 adrersaria
399 3257 560 3332 potestate
581 3253 633 3320 vel
654 3251 792 3330 sublata,
818 3254 871 3320 vel
891 3255 927 3320 in
948 3255 1087 3322 nihilum
1110 3276 1160 3322 re·
1213 3253 1290 3320 inde
1318 3251 1511 3318 adhibeatur
1540 3249 1708 3315 severitati
1736 3248 1798 3314 hon
1826 3247 1972 3314 lenitatis
1993 3245 2181 3312 nondimen-

189 3331 293 3413 daota,
317 3353 407 3399 suam
429 3335 632 3406 maiestatem
655 3338 806 3423 proferet.
1101 3369 1104 3375 ·
1213 3349 1299 3407 tum:
1321 3335 1468 3403 atillam
1490 3343 1646 3421 appareat
1667 3356 1709 3402 ax
1730 3333 1858 3416 plaoidu
1880 3333 1987 3399 animo
2008 3329 2145 3414 prodire.

275 3419 305 3484 2·
329 3420 617 3506 muniemus.
651 3423 716 3491 His
732 3424 839 3492 verbis
853 3427 1160 3494 nonassiduitatem
1298 3422 1328 3490 3.
1352 3423 1439 3490 Nam
1458 3422 1518 3488 erit
1537 3427 1667 3503 ternpus.
1712 3420 1764 3485 le
1787 3421 1857 3502 ipsa
1879 3418 2049 3483 hominum
2071 3417 2187 3502 pravi.

188 3502 283 3568 modo
319 3506 541 3588 eommendat,
576 3511 634 3578 aad
670 3511 768 3578 etiam
804 3511 1044 3580 eontentionem
1078 3535 1160 3598 quae
1212 3520 1279 3578 tate
1314 3508 1457 3576 ostendit
1478 3527 1575 3592 quam
1598 3506 1729 3574 sollieiti
1758 3505 1898 3572 debeant
1925 3523 1996 3569 esse
2024 3511 2180 3586 pastores.

189 3589 299 3655 omnia
320 3589 549 3658 diffieultatum
572 3595 741 3664 obetaoula
764 3608 905 3682 superet
950 3597 1036 3665 Nam
1058 3620 1159 3683 quum
1211 3597 1313 3664 Brevi
1335 3596 1422 3661 enlm
1445 3594 1513 3659 lore
1540 3602 1579 3658 nt
1600 3594 1828 3676 exstinguatur
1849 3586 2056 3672 evangelium
2079 3589 2188 3655 inter·-

189 3676 292 3742 simus
320 3683 439 3742 natura
469 3677 584 3745 molles
612 3681 749 3747 nimium
772 3683 825 3748 vel
847 3682 984 3760 desides,
1016 3686 1161 3751 minimis
1211 3694 1327 3767 eatque
1358 3701 1398 3746 ex
1426 3679 1597 3745 hominum
1624 3678 1790 3760 memoria,
1824 3675 1886 3741 nisi
1916 3694 2044 3740 summo
2073 3674 2186 3740 studio¹

190 3759 370 3846 quibusque
384 3762 627 3847 impedimentis
643 3765 734 3831 lanile
751 3767 912 3834 sedimus:
935 3771 1001 3836 imo
1022 3769 1161 3836 libenter
1211 3769 1402 3836 adnitantur
1424 3765 1469 3849 pii
1490 3764 1636 3832 doetorea
1658 3766 1762 3849 ipsum
1786 3762 1879 3829 tueri.
1918 3759 2050 3826 Interea
2071 3766 2180 3825 autem

188 3846 355 3913 interdum
396 3851 592 3917 aeoeraimns
628 3850 769 3917 desidiae
806 3862 936 3921 nostrae
971 3854 1160 3939 patrooiuia.
1213 3855 1291 3921 dum
1318 3862 1367 3919 ast
1396 3852 1505 3935 aliqua
1527 3849 1651 3918 Christi
1679 3849 1870 3927 reverentia,
1904 3845 2072 3913 utendum
2090 3865 2182 3912 oona·

189 3934 262 4001 Iam
284 3932 526 4002 consideramus
543 3947 623 4020 quot
644 3937 769 4004 artibus
791 3938 969 4004 instruetus
990 3940 1035 4005 sit
1056 3938 1160 4008 Satan
1211 3941 1302 4007 sione
1332 3938 1507 4024 signifieat:
1540 3956 1578 4003 ao
1599 3937 1628 4002 si
1654 3937 1827 4086 inpruente
1853 3932 1994 4017 proeella
2020 3930 2185 4031 quispiam·

190 4021 231 4087 ad
261 4041 391 4089 narsum
422 4031 571 4089 nostrum
597 4021 888 4108 interpellandum:
920 4023 1036 4091 deinde
1061 4045 1160 4110 quam
1211 4025 1332 4092 diaeret
1346 4043 1424 4089 non
1447 4041 1518 4088 esse
1539 4022 1673 4088 remisse
1706 4020 1917 4102 ahorandum,
1934 4017 2006 4086 -aed
2028 4019 2181 4102 gnaviter

190 4105 277 4173 tardi
309 4109 376 4174 sint
407 4106 449 4174 ad
481 4107 682 4194 sequendum
710 4107 766 4192 qni
800 4117 968 4190 vorantur,
988 4118 1034 4176 'et
1060 4130 1160 4194 quam
1211 4108 1446 4177 festinandum:
1468 4107 1542 4192 quia
1557 4125 1635 4172 mox
1650 4125 1715 4173 non
1735 4106 1848 4172 eadem
1870 4106 1980 4171 lutura
2000 4103 2045 4170 ait
2059 4122 2181 4187 oppor-

189 4191 357 4260 Iastidioai.
400 4194 512 4278 Quare
540 4217 607 4263 non
635 4192 776 4262 multum
804 4193 865 4262 loni
893 4195 1030 4263 restabit
1057 4217 1159 4263 evan·
1212 4195 1344 4262 tunitae.
1402 4194 1514 4278 Quum
1545 4191 1623 4259 dioit
1655 4212 1796 4259 sanam
1829 4190 2065 4257 doetrinam
2098 4207 2184 4255 non

189 4278 283 4378 gelio,
313 4281 377 4382 nisi
404 4281 592 4365 importune
621 4283 745 4347 instent
774 4289 928 4363 pastores.
972 4280 1041 4348 lata
1063 4302 1160 4365 porro
1212 4289 1476 4364 reeepturos,
1512 4277 1675 4363 signifieat
1710 4297 1778 4378 non
1813 4276 1909 4342 modo
1945 4273 2110 4375 fastidium
2147 4278 2182 4342 et

187 4374 418 4520 tttttt*
432 4377 500 4519 ‘ii
516 4368 852 4538 {totototo
867 4366 1159 4520 “delibili
1210 4361 2034 4532 tutetmellttttttttttstttttt
2051 4360 2179 4526 idid}

189 4534 280 4604 horis
309 4548 341 4604 et
367 4558 426 4622 pro
448 4559 510 4605 sna
531 4537 761 4606 nommoditate
795 4534 929 4605 donandi
961 4539 1088 4606 muneri
1110 4538 1158 4605 in·
1211 4559 1296 4623 quae
1312 4558 1387 4603 vere
1405 4536 1446 4602 ad
1467 4536 1621 4619 pietatem
1644 4556 1703 4600 uns
1724 4534 1875 4599 instituit.
1913 4529 2060 4598 Eandem
2083 4531 2179 4615 paulo

188 4624 335 4690 oumbat:
360 4622 418 4691 sed
445 4623 544 4692 nullis
564 4643 703 4709 paroens
735 4622 899 4691 laboribus
921 4645 981 4691 nee
1002 4624 1159 4691 molestiis
1210 4633 1284 4708 post
1312 4623 1459 4689 nominat
1490 4622 1724 4700 veritatem,
1753 4638 1792 4684 ao
1818 4619 1845 4685 si
1874 4617 1995 4685 dioeret
2017 4617 2179 4682 sinueram

187 4716 304 4795 urgeat
324 4711 478 4794 seipsum.
521 4710 641 4794 Populi
661 4718 811 4793 respeetu
834 4709 1007 4777 assiduitas
1026 4719 1076 4777 est
1097 4710 1157 4775 im·
1209 4730 1247 4776 an
1269 4709 1445 4792 genuinam
1466 4706 1691 4774 traotationem
1713 4703 1805 4771 verbi
1833 4702 1907 4768 Dei.
1959 4703 2004 4766 Et
2032 4701 2178 4768 tabulis

186 4805 337 4878 portuna,
357 4794 437 4862 dum
458 4794 675 4863 sollieitantur
696 4804 871 4880 torpentes,
900 4795 978 4861 dum
1000 4795 1064 4861 alio
1085 4816 1157 4879 pro-
1209 4795 1353 4878 opponit,
1386 4794 1448 4859 hoo
1474 4801 1532 4870 est,
1555 4789 1746 4890 nommentis
1767 4786 1947 4887 inutilibus,
1970 4786 2086 4886 quibus
2107 4805 2177 4886 eor·

187 4879 377 4962 parantibue
413 4902 530 4948 manus
569 4880 730 4961 iniioitur,
775 4881 853 4947 dum
898 4902 1002 4949 vanae
1044 4880 1158 4948 mundi
1209 4879 1373 4963 rumpitur
1401 4876 1564 4962 evangelii
1592 4875 1790 4960 sImphertas.
1835 4872 1983 4937 Pramum
2012 4870 2090 4937 hino
2113 4870 2177 4936 dra·

186 4965 410 5049 oonupationea
451 4967 670 5054 eorriguntur.
732 4964 861 5034 Instare
904 4976 1014 5033 autem
1057 4966 1164 5051 iubet,¹
1208 4987 1330 5043 umus,
1359 4985 1423 5049 quo
1444 4963 1549 5029 maior
1571 4961 1669 5048 vulgo
1689 4968 1740 5026 est
1760 4957 1930 5024 hominum
1951 4957 2115 5056 protervis
2136 4955 2178 5022 ad

185 5050 573 5224 lili⁰liitdl⁰i⁶
598 5051 1012 5223 diluisti-ilii
1034 5052 1158 5206 otto:
1207 5050 1426 5205 &mildi
1452 5042 2177 5213 thfflitlttttntttttttttt

183 5219 398 5307 impellendos
423 5226 519 5292 utin
541 5233 630 5293 reoto
652 5243 750 5292 eursu
770 5223 1028 5312 progrediamur.
1071 5223 1157 5290 Nam
1207 5232 1241 5290 et
1269 5244 1307 5290 eo
1335 5219 1512 5289 studiosius
1541 5220 1664 5287 instare
1693 5225 1729 5285 ut
1757 5215 1849 5284 salva
1877 5225 2018 5281 maneat
2061 5214 2176 5299 Neque

187 5307 216 5373 si
249 5322 336 5378 esset
367 5310 403 5376 iu
435 5311 528 5380 nobis
555 5332 594 5378 ea
622 5309 770 5378 dooilitaa
797 5332 881 5397 quae
908 5331 981 5380 ease
1008 5308 1155 5390 debehat,
1206 5309 1241 5376 id
1273 5308 1385 5392 modo,
1422 5305 1480 5375 sed
1523 5326 1582 5374 aua
1614 5324 1743 5390 qnoque
1775 5299 1949 5371 sedulitate
1984 5299 2176 5385 praevenire

288 5431 680 5505 manuam
1920 5418 1955 5474 to
