4762 6016
195 400 270 466 :257
1108 396 1260 465 CAPUT
1283 396 1311 462 Ι.
2149 391 2217 460 258

295 594 346 661 12.
386 593 536 661 Gratiam
573 592 675 660 dobeo.
734 591 858 677 Magna
894 601 944 658 est
983 592 1183 677 apostolatus
1236 591 1421 675 Utrumque
1443 610 1521 676 crgo
1542 611 1578 657 ae
1600 611 1642 658 ex
1666 589 1790 657 Christi
1812 591 1920 674 gratia
1941 592 2063 658 latetur
2085 591 2219 676 habero,

203 679 361 766 dignitas,
384 699 481 762 qoam
503 678 565 745 eibi
587 676 710 747 Paulus
732 678 930 745 vendicavit.
963 677 1040 760 Ipse
1061 684 1183 758 autem,
1236 677 1321 762 quod
1344 675 1444 752 semel
1466 685 1598 744 evectus
1621 684 1682 760 est,
1703 688 1737 742 ct
1759 676 1845 759 quod
1861 678 2102 759 permanentia
2116 688 2216 747 statu.

204 764 388 850 superioris
410 765 497 832 vitae
525 771 685 850 respectu,
714 783 922 848 nequaqnam
945 771 1038 831 tauto
1060 763 1184 836 bonore
1323 763 1374 830 13.
1396 761 1610 845 Blocpdemtat
1631 767 1660 828 el
1670 766 1884 846 persecutos
1921 761 2142 847 Blasphemus
2159 767 2216 833 ad-

203 850 327 936 dignua
355 851 654 951 censeripoteretr
683 849 766 932 ideo,
795 869 837 916 ue
863 850 1071 950 arrogantiae
1092 847 1184 916 dam·
1236 869 1352 949 verena
1384 847 1511 948 Deum,
1546 855 1760 932 persequutor
1776 852 1826 947 ,et
1859 847 2023 915 violentus
2056 848 2215 918 adversus

199 982 512 1090 r
543 936 1090 1106 :dissurtrich
1106 933 1184 1089 tc:
1235 935 1435 1104 tritor,
1459 933 2214 1119 trasturas,sluttra}

206 1107 381 1175 laesionem
405 1107 481 1174 odit.
520 1107 695 1210 Caeterum
716 1042 932 1173 nibNominns
949 1125 984 1173 se
1000 1107 1106 1207 gratia
1120 1105 1184 1173 Dei
1237 1115 1382 1205 peccata,
1406 1126 1514 1206 'quom
1550 1106 1678 1206 libenter
1707 1125 1801 1204 mom
1833 1105 2049 1204 indqudelem
2078 1107 2214 1190 fetecdo,

204 1191 724 1364 iistidiffssnioiililabiorgiiiiain
741 1192 846 1345 cciiii
854 1192 1185 1345 coqriiiriodtiriieiiiiiif
1235 1190 2217 1377 iqntiir'iiiiiineiimiiiaiiibnliiiuie'iiiiiiciiimiiirrmcritiri?ic

206 1365 287 1430 fert:
325 1363 413 1448 qnod
449 1386 488 1431 ec
520 1364 628 1450 magis
657 1365 693 1430 in
726 1383 761 1431 ee
794 1362 937 1432 reluceat
970 1363 1035 1432 Dei
1066 1364 1183 1449 gratie.
1236 1364 1405 1430 saevitiem
1428 1362 1531 1428 altero
1553 1382 1685 1429 nomme
1707 1383 1813 1447 magra
1834 1364 2019 1446 exprimere
2041 1364 2157 1430 voluit.

204 1449 342 1518 Christo
374 1450 499 1536 gratias
528 1450 607 1517 dum
634 1450 714 1535 agit,
746 1469 766 1514 a
793 1470 829 1516 ae
857 1449 928 1534 ipsc
957 1459 1107 1518 removet
1132 1450 1184 1516 in·
1326 1447 1411 1532 Quia
1425 1449 1575 1533 moraes
1586 1448 1648 1530 soci
1668 1449 1704 1514 io
1724 1447 1949 1515 incredulitate.
1987 1449 2138 1529 Veniam,
2161 1450 2213 1515 in·

207 1535 345 1602 vidium:
376 1543 410 1602 et
431 1555 547 1602 ausam
568 1534 646 1601 bnic
666 1534 847 1619 quaestioni
869 1535 1035 1618 praecidit,
1065 1536 1185 1621 dignus
1236 1535 1316 1619 quit,
1340 1554 1429 1601 meac
1450 1533 1687 1601 incredulitatis
1709 1534 1844 1614 obtinui,
1865 1535 1942 1618 quia
1964 1556 2005 1601 cx
2026 1535 2214 1619 ignorantia

204 1624 251 1689 sit
280 1640 384 1692 necne
412 1622 581 1689 iunctione
611 1630 679 1686 tam
708 1620 895 1688 honorifica
938 1622 1106 1706 Quoomm,
1135 1626 1184 1688 et
1236 1620 1401 1688 manabat.
1437 1619 1521 1685 Nam
1548 1621 1756 1705 persequutio
1775 1629 1808 1686 ct
1831 1619 1986 1687 violentia
2008 1621 2091 1686 nihil
2113 1641 2212 1706 quam

201 1727 325 1789 cunque
348 1728 408 1789 per
434 1727 469 1775 se
497 1727 559 1775 ooo
586 1707 723 1789 madet,
751 1706 870 1788 sufficit
894 1711 997 1774 tomen
1017 1729 1039 1773 a
1061 1707 1185 1774 Glrricto
1236 1705 1474 1773 incredulitatis
1495 1706 1619 1773 tructus
1641 1715 1745 1771 erant.
1786 1706 1890 1792 Atqui
1912 1705 2043 1773 videtur
2063 1708 2215 1789 innuere,

200 1794 457 1877 scutariorium.
492 1791 593 1859 Multi
609 1793 740 1875 quidem
759 1792 873 1858 cadem
888 1794 1063 1860 verborum
1078 1793 1184 1861 forma
1236 1792 1365 1859 nullum
1395 1811 1466 1858 csse
1494 1792 1611 1858 veniae
1639 1790 1744 1859 locum
1773 1792 1838 1857 nisi
1868 1789 1923 1858 ubi
1950 1793 2095 1877 suppetit
2116 1793 2212 1879 igno·

205 1877 427 1946 humilitatem
460 1898 539 1964 prae
570 1899 608 1945 ae
635 1878 754 1958 lerunt,
786 1878 843 1944 sed
873 1880 985 1962 procul
1015 1878 1135 1947 absunt
1164 1899 1185 1944 a
1236 1877 1362 1944 rautiae
1377 1877 1554 1946 excusatio.
1592 1876 1681 1958 Quid
1699 1875 1799 1963 ergo?
1822 1899 1866 1944 au
1883 1879 2002 1962 siquis
2017 1880 2123 1946 sciens
2138 1899 2212 1963 pec·

190 1964 304 2064 .Pauli
331 1964 534 2064 sinceritate,
560 1964 653 2032 otius
668 1963 846 2064 ommatium
870 1965 944 2049 fuit,
975 1985 1037 2032 nora
1063 1969 1184 2066 tendor
1234 1964 1374 2044 caverit,
1397 1983 1567 2064 nunqnam
1589 1964 1736 2064 ignoscet
1758 1962 1870 2031 Deus?
1915 1964 2126 2064 Respondes,
2152 1983 2213 2031 no·

199 2070 345 2234 w
362 2049 726 2217 ttttldtltl
745 2049 1183 2221 hrtltttttl't
1234 2049 1389 2201 tollo
1405 2048 2214 2234 ,lttllllllllt,llatlrrrllrllllt

204 2222 387 2288 ministerio
410 2223 509 2288 luerit
540 2220 731 2289 collocatus:
760 2222 837 2288 inde
866 2225 952 2288 enim
982 2223 1114 2308 colligit,
1148 2242 1192 2289 aev
1235 2221 1365 2287 tabulae
1397 2222 1687 2306 transgressiones,
1724 2230 1854 2287 etramsr
1887 2221 2091 2288 voluntariae
2124 2231 2213 2302 sunt,

193 2307 336 2375 -lidelem
363 2308 552 2374 iudicatum.
594 2307 709 2391 Neque
731 2307 818 2375 euim
841 2307 995 2375 Christus
1017 2309 1183 2375 ambitiose
1234 2307 1474 2373 condonantur:
1518 2309 1574 2390 qni
1617 2308 1723 2373 sciens
1763 2314 1798 2372 et
1832 2306 1948 2373 volens
1985 2308 2127 2390 priorem
2164 2315 2215 2374 ta·

202 2394 339 2477 quosvis
372 2395 518 2475 assumit,
551 2393 607 2459 aed
641 2402 768 2460 tantum
799 2393 891 2478 eligit
918 2395 1068 2461 idoneos:
1103 2414 1182 2479 ergo
1234 2391 1346 2458 bulam
1369 2392 1485 2471 violat,
1507 2395 1583 2478 quia
1605 2405 1693 2460 recta
1714 2414 1749 2459 se
1771 2391 1844 2458 Deo
1866 2392 2017 2476 opponit,
2040 2401 2152 2476 peccat
2174 2393 2212 2458 in

201 2499 416 2564 quoscunque
431 2480 555 2546 honore
569 2479 724 2564 dignatus
739 2485 799 2557 cat,
817 2479 878 2546 hos
894 2489 1050 2565 tanquam
1067 2480 1183 2564 dignos
1234 2480 1386 2562 spiritum
1414 2489 1573 2546 sanctum.
1618 2479 1733 2562 Neque
1756 2479 1843 2544 enim
1865 2479 2057 2546 infirmitate
2079 2477 2211 2563 labitur,

204 2566 450 2649 amplectamur.
496 2565 604 2647 Neque
631 2565 683 2631 dis
708 2571 873 2649 repugnet,
903 2566 984 2647 qaod
1005 2566 1108 2634 Iudas
1134 2586 1181 2633 se·
1234 2565 1291 2630 scd
1321 2565 1480 2630 adversus
1507 2565 1616 2630 Deum
1644 2565 1744 2647 impie
1773 2563 1913 2642 ruendo,
1945 2573 2071 2631 certum
2101 2582 2213 2649 repro-

199 2652 342 2720 ctradom
362 2650 488 2718 Psalmi
508 2649 601 2737 (109,
626 2653 660 2733 9)
686 2652 870 2718 cadaloicam
892 2652 935 2718 od
954 2653 1042 2718 heve
1061 2657 1184 2734 tempos
1234 2649 1376 2717 baticnis
1403 2669 1481 2716 suae
1510 2649 1641 2735 signum
1670 2651 1746 2716 edit.
1790 2651 1836 2716 Ilo
1863 2649 1940 2717 hinc
1969 2650 2078 2735 colligi
2103 2659 2213 2735 potest

200 2743 322 2804 cosdras
342 2742 396 2820 eet,
418 2742 452 2802 ul
473 2757 546 2804 mort
566 2737 695 2804 coderet
734 2737 876 2804 Diverso
894 2738 978 2803 euim
997 2738 1060 2820 fuit
1083 2737 1183 2813 Pauli
1235 2735 1381 2801 delinitio
1395 2736 1520 2821 pcccati
1541 2737 1576 2801 iu
1596 2736 1749 2821 spiritum
1767 2745 1934 2804 sanctum:
1949 2737 2102 2821 primum,
2124 2736 2210 2820 quod

202 2824 305 2902 ratic,
338 2825 420 2889 sictrl
451 2823 485 2887 in
516 2823 618 2889 elium
647 2821 755 2904 licem
787 2828 815 2888 et
847 2825 915 2890 clio
948 2825 1011 2906 lece
1038 2824 1183 2890 Ῑιοιιονιιιι
1233 2823 1278 2890 sit
1306 2820 1430 2889 directa
1458 2822 1493 2887 in
1516 2820 1626 2888 Deum
1656 2823 1860 2889 contumacia
1887 2823 1923 2888 iu
1951 2823 2211 2908 transgressione

202 2909 337 2991 adeptus
358 2914 411 2991 eal,
440 2910 518 2974 dem
533 2909 751 2990 prooucliooil
774 2907 927 2993 Christus,
954 2909 1017 2976 cibi
1037 2930 1095 2976 vos
1114 2910 1183 2992 fore
1233 2908 1352 2993 prioris
1378 2907 1522 2975 tabulae:
1552 2907 1670 2974 deinde
1697 2909 1782 2994 quod
1812 2910 1855 2975 sit
1876 2907 2038 2976 malitiosa
2060 2908 2212 2976 veritatis

199 2991 554 3079 decemplices).
598 2994 702 3076 Atqui
724 2993 855 3060 videtur
882 2993 944 3062 hoc
975 2996 1072 3062 modo
1094 2997 1181 3061 Pau·
1234 2994 1377 3061 reiectio.
1419 2993 1484 3061 Ubi
1514 2994 1601 3061 enim
1630 3014 1695 3060 non
1722 2996 1905 3079 respuitur,
1934 2994 2096 3062 destinata
2116 2993 2212 3060 mali·

204 3079 259 3147 lus
280 3079 482 3163 fidelitatem,
515 3099 579 3163 qua
611 3080 702 3163 prius
729 3078 880 3164 pollebat,
912 3100 1043 3147 oausam
1077 3081 1182 3149 lacere
1234 3081 1292 3164 tia,
1315 3080 1376 3145 Dei
1399 3081 1535 3147 veritae:
1559 3100 1626 3146 non
1649 3081 1811 3147 resistitur
1833 3081 1961 3163 spiritui
1983 3090 2105 3148 sancto.
2145 3081 2212 3146 De·

203 3186 284 3233 suae
306 3167 495 3231 vocationis.
539 3164 579 3232 Si
607 3167 654 3230 ita
675 3174 772 3245 esset,
800 3167 878 3232 ficta
899 3176 985 3234 esset
1006 3175 1103 3250 atque
1125 3168 1181 3234 ab·
1233 3167 1331 3250 nique
1353 3165 1566 3232 incredulitas
1587 3167 1657 3233 loco
1699 3168 1807 3234 eneris
1829 3165 1978 3250 ponitur:
2007 3165 2206 3233 malitiosum

201 3251 303 3318 eorda
332 3251 638 3335 gratiarumactio.
683 3249 795 3335 Neque
824 3254 911 3318 euim
942 3261 1006 3319 tam
1029 3252 1102 3319 Deo
1128 3275 1180 3321 ac·
1234 3263 1342 3318 autem
1361 3253 1573 3335 propositum,
1602 3187 1699 3335 quoti
1714 3255 1890 3336 opponitur
1911 3252 2130 3336 ignorantiae,
2159 3260 2212 3318 est

200 3347 335 3422 ceptum
368 3337 505 3405 referret
538 3357 634 3404 suum
664 3336 892 3421 apostolatum,
924 3359 1024 3422 quam
1052 3341 1182 3423 proprio
1233 3340 1326 3421 quasi
1367 3338 1562 3405 differentia.
1616 3339 1795 3423 Perperam
1834 3341 1944 3421 itaque
1987 3339 2112 3406 faciunt
2152 3339 2210 3423 qui

201 3424 330 3490 merito.
373 3422 468 3508 Nego
496 3423 601 3509 igitur
626 3422 715 3491 hunc
736 3443 807 3490 esse
828 3444 973 3504 sensum,
1001 3425 1087 3509 quod
1108 3426 1181 3492 ideo
1232 3428 1401 3507 peccatum
1420 3425 1454 3489 in
1472 3426 1623 3507 spiritum
1645 3434 1797 3492 sanctum
1819 3424 2026 3492 constituunt
2047 3426 2082 3491 iu
2105 3434 2212 3492 trans-

202 3510 237 3574 in
260 3509 407 3575 ordinem
431 3508 643 3593 apostolicum
665 3509 765 3576 fucrit
786 3519 966 3594 cooptatus,
989 3513 1066 3595 quia
1087 3532 1179 3595 prae·
1232 3510 1399 3595 gressioue
1414 3509 1574 3578 secundae
1590 3512 1729 3578 tabulae,
1763 3512 1941 3594 Perperam
1956 3517 1990 3576 et
2010 3511 2059 3577 illi
2082 3512 2138 3595 qui
2161 3512 2211 3579 in·

187 3596 335 3677 ‚cognita
356 3603 442 3661 esset
458 3595 529 3661 Deo
549 3595 621 3661 eins
641 3593 734 3663 fides.
770 3595 860 3661 Nihil
884 3597 971 3663 euim
991 3597 1180 3680 praevidere
1231 3594 1472 3663 consideratum
1509 3605 1543 3662 et
1573 3616 1707 3664 caecum
1739 3597 1898 3681 impetum
1932 3595 2092 3663 damnant
2124 3597 2211 3665 tanti

203 3678 280 3746 honi
302 3681 337 3743 in
359 3678 416 3745 illo
437 3680 546 3762 potuit
559 3679 723 3758 Ohriatns,
746 3681 810 3747 nisi
833 3681 918 3766 quod
934 3693 1027 3766 pater
1044 3683 1079 3748 in
1105 3704 1180 3750 cum
1231 3682 1388 3750 criminis.
1433 3682 1519 3747 Nam
1550 3690 1628 3751 tunc
1657 3683 1789 3750 demum
1815 3690 1968 3766 peccatur
1998 3683 2033 3749 in
2054 3683 2209 3766 spiritum

198 3765 395 3832 contulerat.
434 3764 544 3845 Quare
566 3776 681 3832 manet
701 3765 782 3831 illud
803 3787 934 3853 semper
957 3789 1079 3846 rerum,
1105 3768 1180 3834 Non
1231 3776 1397 3844 sanctum,
1426 3787 1526 3851 quum
1556 3768 1778 3835 voluntarium
1806 3768 1926 3835 bellum
1949 3769 2130 3852 suscipiunt
2151 3768 2208 3835 ad-

187 3870 262 3926 ,ros
284 3871 338 3917 me
358 3849 512 3935 elegistis,
537 3850 594 3917 sod
617 3872 678 3936 ego
699 3852 783 3936 elegi
808 3874 866 3919 vos
888 3853 1016 3937 (Ichan.
1042 3853 1181 3941 15,1c).
1232 3874 1348 3921 versus
1370 3854 1478 3920 Deum
1507 3854 1656 3921 homines
1682 3853 1852 3934 mortales,
1881 3862 1919 3920 ut
1944 3854 2050 3921 lucem
2071 3854 2210 3939 spiritns

201 3935 318 4004 Potius
347 3945 578 4023 argumentum
607 3956 686 4004 snae
713 3937 791 4004 fidei
821 3938 898 4004 inde
926 3938 1044 4004 ducere
1065 3939 1179 4018 voluit,
1231 3941 1296 4006 sibi
1315 3939 1456 4007 oblatam
1478 3940 1702 4026 exstinguant.
1746 3938 1921 4006 Horrenda
1942 3948 1995 4006 est
2014 3941 2102 4006 enim
2124 3939 2212 4008 eins-

199 4023 280 4106 quia
309 4021 473 4108 apostolus
501 4029 629 4090 creatus
656 4030 728 4089 erat
757 4022 942 4090 aChristo.
987 4024 1072 4091 Nam
1100 4046 1180 4110 quoa
1231 4025 1319 4091 modi
1348 4025 1516 4109 impietas,
1546 4031 1580 4092 et
1606 4026 1759 4093 immanis
1787 4026 1933 4093 audacia.
1977 4024 2048 4092 Nec
2073 4026 2209 4093 dnblnm

202 4109 250 4174 ita
281 4117 381 4188 creat,
414 4108 509 4192 quasi
540 4127 600 4174 suc
630 4106 759 4176 decreto
792 4110 984 4192 pronuntiat
1014 4108 1180 4178 habendos
1231 4127 1282 4176 cst
1296 4112 1374 4196 quin
1397 4113 1496 4177 tacita
1518 4111 1766 4179 denuntiatione
1787 4120 1912 4178 terrere
1933 4111 2075 4179 voluerit
2094 4132 2211 4180 omnes

186 4214 275 4262 -osse
295 4193 419 4263 fideles.
463 4194 505 4261 In
526 4213 665 4274 summa,
687 4194 843 4262 indicium
867 4195 928 4263 hoe
948 4214 1017 4261 nou
1039 4197 1180 4264 refertur
1231 4197 1288 4281 qni
1310 4195 1412 4265 semel
1432 4196 1609 4263 illuminati
1632 4198 1775 4278 luerunt,
1803 4219 1845 4266 nc
1866 4197 2025 4266 adverem
2044 4199 2210 4284 cognitam

187 4279 246 4353 ,ιιι
267 4280 527 4362 praescientiam,
554 4279 612 4346 sed
633 4279 742 4364 potius
763 4281 986 4348 testimonium
1008 4281 1035 4348 si
1059 4283 1180 4365 nificat,
1232 4282 1404 4350 veritatem
1426 4283 1627 4367 impingant:
1650 4283 1727 4367 qnia
1748 4284 1891 4351 exitialis
1912 4283 1958 4350 sit
1979 4304 2085 4352 casus.
2121 4284 2208 4351 Nam

186 4365 291 4449 ,quod
312 4364 502 4433 hominibus
526 4364 684 4433 redditur.
728 4365 829 4434 Acci
851 4365 1003 4434 dixbset:
1062 4369 1180 4436 retiam
1230 4368 1260 4436 si
1298 4377 1432 4454 propter
1470 4369 1689 4452 ignorantiam
1725 4370 1831 4438 Paulo
1869 4390 1946 4437 snm
1985 4368 2056 4439 blas
2079 4370 2208 4438 hemina

203 4449 308 4517 habeo
340 4450 489 4532 Obristo,
528 4452 585 4536 qui
617 4473 671 4518 me
703 4452 738 4519 in
770 4452 991 4520 ministerium
1025 4456 1179 4536 vocando,
1230 4454 1359 4539 ignovit
1380 4453 1489 4522 Deus=
1517 4456 1573 4539 qui
1600 4454 1740 4523 scienter
1769 4454 1908 4539 dataque
1933 4476 2032 4539 opero
2052 4392 2208 4542 ilasphe·

202 4535 311 4621 palam
333 4536 413 4604 lecit
432 4556 541 4604 meam
563 4537 625 4604 sibi
646 4537 745 4604 fidem
767 4537 906 4622 probari.
944 4539 1129 4623 Interponit
1146 4550 1179 4607 ct
1231 4549 1334 4617 mant,
1356 4540 1483 4606 nullam
1505 4541 1637 4608 veniam
1658 4562 1790 4626 sperma
1812 4542 1942 4609 debent.
1986 4539 2056 4610 sac
2077 4542 2208 4610 videtur

190 4622 291 4689 alind
313 4622 438 4690 Christi
461 4624 666 4704 beneficium,
687 4624 773 4708 quod
795 4625 901 4709 ipsum
924 4627 1178 4705 confirmaverit,
1231 4626 1264 4692 id
1294 4626 1416 4692 frustra
1436 4625 1518 4692 dici:
1548 4646 1712 4710 nusquam
1734 4627 1823 4693 enim
1846 4626 1918 4694 sine
1939 4627 2128 4712 ignorantia
2149 4648 2207 4712 po·

183 4708 251 4775 ‚eet
272 4713 462 4790 polentem
487 4709 721 4776 reddiderit:
747 4729 812 4793 quo
840 4712 940 4778 serbo
951 4711 977 4797 ¹)
1002 4731 1065 4777 occ
1091 4712 1181 4779 ιιιοάο
1231 4716 1296 4778 test
1315 4732 1387 4778 esse
1409 4711 1636 4792 incredulitas,
1661 4732 1747 4797 quae
1768 4732 1897 4796 semper
1917 4732 2014 4780 caeca
2035 4722 2096 4780 est.
2139 4712 2209 4781 Be·

200 4793 346 4878 intelligit
366 4815 399 4862 se
413 4795 478 4862 Drs'
493 4815 591 4862 omne
600 4795 763 4878 peropto
778 4797 985 4870 condrusto
996 4798 1180 4880 formam,
1230 4798 1382 4882 spondeo,
1404 4819 1445 4865 ex
1460 4796 1651 4865 infidelibus
1659 4798 1742 4864 alios
1759 4798 1807 4864 ita
1828 4819 1901 4865 csse
1922 4818 2045 4879 caecos,
2066 4809 2104 4866 ut
2125 4799 2209 4867 falsa

184 4885 238 4949 ,ιιι
257 4880 389 4948 idonea
408 4882 452 4948 cd
472 4899 588 4946 muodo
607 4900 702 4949 wem
720 4880 811 4964 soret
832 4883 888 4949 sed
900 4883 997 4950 simod
1011 4884 1178 4967 cooperti·
1230 4885 1311 4950 recti
1332 4885 1566 4968 imaginatione
1588 4884 1763 4950 fallantur:
1790 4883 1871 4950 alios
1893 4892 2003 4950 autam
2023 4885 2071 4951 sic
2092 4903 2208 4952 excae-

184 4969 256 5033 λιιι.
290 4967 477 5033 continuom
509 4965 635 5052 gratiae
667 4966 1013 5035 subministrationem.
1065 4970 1180 5055 Neque
1230 4977 1336 5051 cetos,
1369 4980 1408 5035 ut
1442 4969 1568 5036 malitia
1596 4979 1707 5036 umen
1727 4968 1935 5054 praevaleat.
1989 4969 2111 5036 Paulus
2140 4990 2206 5038 nou

188 5052 290 5123 ‚euim
320 5052 402 5119 satis
430 5051 553 5136 lunser,
581 5051 682 5119 semel
710 5073 782 5121 osse
811 5052 941 5121 fidelem
969 5053 1180 5138 declaratum,
1229 5056 1363 5123 omnino
1376 5073 1501 5121 vacuus
1517 5063 1587 5123 crat
1601 5075 1704 5138 pravo
1717 5055 1853 5135 effaetus
1875 5054 1932 5122 sed
1946 5056 2208 5125 inconsideratus

157 5136 265 5212 „nisi
302 5157 378 5205 eum
414 5147 573 5222 perpetuo
603 5137 724 5207 anxilio
757 5142 983 5210 confirmasset
1014 5141 1179 5211 christus.
1229 5141 1320 5209 aelus
1348 5140 1527 5225 abripiebat
1557 5141 1741 5227 hominem,
1774 5151 1811 5209 nt
1836 5152 1962 5208 rectum
1984 5163 2056 5223 esse
2077 5153 2209 5226 putaret

185 5258 191 5278 ·
572 5288 575 5293 .
983 5292 988 5302 ,
1230 5226 1318 5312 quod
1350 5225 1476 5312 agebat.
1525 5227 1606 5297 Non
1637 5237 1710 5295 erat
1737 5247 1816 5315 ergo
1845 5226 2053 5305 adversarius
2082 5228 2210 5297 Christi

186 5348 191 5381 ε
289 5326 313 5394 ¹)
327 5323 454 5395 hmfflgc
923 5378 927 5385 ,
1103 5378 1106 5385 ,
1211 5313 1414 5398 proposito,
1443 5311 1500 5405 qod
1522 5333 1634 5383 errore
1662 5323 1696 5379 ct
1719 5314 1901 5389 inscientia.
1946 5313 2127 5398 Pharisaei,
2149 5313 2212 5398 qui

305 5427 418 5485 cauas
433 5443 526 5499 epea
550 5427 610 5486 rot
628 5425 700 5486 m
759 5396 764 5403 ’
1952 5433 1986 5489 ιι
