4762 6016
185 324 250 394 383
809 321 952 390 sptsu.
975 321 1116 391 PAULI
1138 323 1205 389 AD
1226 322 1509 390 utuoufluutt
1531 321 1566 387 11
2122 321 2190 392 384

186 519 447 675 ibodauidisilatg
477 516 1160 687 &trispiffimbbmffindpiltimffsiridldded'b
1182 516 1188 602 Ι
1212 516 1376 700 1111110110
1383 524 1559 699 :maiixi
1579 514 2069 701 girliisssnbile’vitilrmlssurriiiisgnim
2060 530 2186 674 00011111

185 690 327 772 utilitate
357 709 440 774 quae
468 687 545 755 inde
567 688 727 773 provenit.
771 689 818 757 Ut
839 689 1019 788 scripturae
1039 686 1159 754 sutori
1211 687 1275 754 snb
1289 686 1364 753 lide:
1379 707 1520 753 nomine.
1553 686 1646 754 Haeo
1663 696 1766 772 :gitur
1783 686 1957 771 prseuipua
1973 694 2025 755 est
2038 688 2187 781 seientia,

185 784 285 844 tatem
301 781 434 854 usserat,
457 774 671 841 divinitus
688 795 781 842 esse
801 774 1048 858 inspiratam
1067 772 1161 841 duest
1212 771 1499 839 fidesinOhristo.
1535 771 1633 839 Hane
1646 771 1796 856 sequitur
1812 772 1975 840 institutio
1996 774 2188 849 formandus

185 863 271 930 Nam
299 863 328 929 si
355 861 403 927 ita
430 869 489 940 est,
521 859 604 926 nihil
633 860 773 944 amplius
794 865 897 928 restat
918 859 1160 927 eontruversiee
1213 858 1316 925 vitae:
1343 857 1502 925 auoedunt
1525 857 1651 925 stimuli
1671 858 1934 926 exhortationum
1957 867 1992 927 et
2012 859 2188 945 reprehen-

185 949 265 1033 quin
286 954 477 1013 reverenter
497 944 702 1030 suseipiends
723 946 767 1011 sit
788 946 829 1012 ab
851 944 1048 1011 hominibus.
1085 943 1160 1012 Hue
1211 943 1351 1011 sionnm.
1395 942 1447 1010 Its
1476 944 1533 1026 qui
1556 943 1727 1028 seripturis
1748 944 1812 1010 rite
1834 945 1883 1010 uti
1903 945 1975 1027 soit,
2004 946 2082 1015 huie
2104 951 2189 1020 nihil

184 1031 382 1118 prinuipium
414 1039 465 1098 eet
496 1030 583 1115 quod
615 1031 808 1115 religionem
842 1039 987 1097 nostmm
1017 1029 1058 1095 ab
1086 1029 1159 1096 aliis
1212 1029 1426 1107 adsalutem,
1449 1028 1531 1095 nibil
1553 1029 1594 1096 ad
1617 1029 1699 1096 bene
1721 1029 1897 1097 vivendum
1920 1031 2022 1099 deest.
2059 1033 2186 1105 Rednn

186 1118 338 1186 omnibus
362 1116 528 1200 disseruit,
556 1114 641 1202 quod
662 1117 782 1184 suimus
805 1117 911 1183 Deum
934 1115 1027 1183 nobis
1047 1115 1159 1200 loquu-
1211 1117 1303 1199 gutio
1324 1126 1358 1181 et
1378 1114 1536 1182 surrentin
1558 1135 1675 1199 parum
1697 1115 1864 1196 differunt,
1887 1116 1950 1183 nisi
1973 1119 2059 1202 quud
2081 1133 2186 1206 puste-

186 1212 257 1272 tum
290 1223 378 1283 esse,
412 1210 564 1286 oertoque
595 1202 744 1286 persuasi
774 1201 892 1282 simus,
924 1223 990 1268 non
1023 1222 1066 1267 ex
1098 1222 1159 1268 suo
1211 1203 1280 1267 rius
1304 1223 1347 1268 ex
1372 1201 1481 1285 priore
1502 1208 1625 1267 manat.
1669 1201 1755 1267 Nam
1777 1201 2022 1285 resipiseentise
2053 1205 2186 1276 initium

186 1310 285 1358 sensu
299 1290 453 1374 loquutus
471 1310 541 1355 esse
562 1287 749 1372 prophetas,
770 1287 826 1354 sed
849 1295 886 1353 ut
907 1296 1001 1354 erant
1022 1287 1159 1372 spiritus
1210 1297 1260 1353 001
1274 1286 1435 1353 melorum
1453 1294 1640 1353 nostrorum
1653 1285 1786 1372 agnitio,
1806 1296 1840 1355 et
1854 1287 1959 1357 divini
1978 1291 2094 1362 iudioii
2115 1317 2187 1364 sen·

186 1375 293 1443 sanati
308 1394 441 1460 organa,
463 1382 591 1439 tantum
610 1374 784 1459 protulisse
805 1393 887 1457 quae
908 1371 1044 1439 euelitus
1065 1393 1157 1439 man·
1211 1393 1275 1438 sus.
1320 1371 1553 1438 Institutio
1582 1372 1623 1437 in
1651 1373 1816 1439 iustitia
1849 1374 1902 1457 pie
1936 1385 2112 1464 sanuteque
2140 1383 2186 1448 ri·

188 1459 266 1527 data
286 1461 426 1528 fuerant.
471 1458 629 1543 Quisquis
646 1480 724 1545 ergo
746 1458 818 1525 vult
838 1460 875 1524 in
895 1457 1065 1543 seripturis
1085 1479 1159 1543 pro·
1211 1456 1310 1526 vendi
1331 1457 1492 1524 rationem
1514 1457 1687 1540 signifieat

186 1547 293 1626 fluere,
333 1545 395 1612 hue
433 1565 543 1612 seeum
576 1545 725 1629 inprimis
763 1544 950 1624 eonstitust,
991 1543 1097 1630 legem
1126 1554 1160 1611 et
1300 1543 1351 1610 17.
1381 1542 1421 1611 Ut
1434 1544 1551 1628 isuper
1564 1543 1616 1609 eit.
1651 1542 1786 1628 Integer
1799 1565 1859 1628 pro
1881 1546 2026 1614 absoluto
2046 1549 2185 1632 eapitur,

186 1631 374 1718 prophetias
406 1652 474 1696 non
508 1652 578 1698 esse
611 1631 792 1697 doetrinam
821 1629 994 1696 hominum
1025 1631 1160 1697 arbitrio
1212 1630 1248 1695 in
1275 1651 1339 1714 qno
1360 1628 1443 1695 nihil
1465 1629 1510 1695 sit
1531 1627 1692 1696 mutilum.
1738 1628 1938 1714 Simplieiter
1958 1633 2046 1699 enim
2066 1637 2186 1702 mestit

186 1718 367 1802 proditam:
401 1715 460 1783 sed
491 1737 511 1782 s
539 1717 657 1802 spiritu
685 1725 798 1784 saneto
821 1715 985 1783 1110101010.
1028 1716 1161 1799 Siquis
1214 1717 1410 1801 seripturam
1440 1714 1480 1780 ad
1511 1715 1740 1798 portentionem
1769 1716 1931 1784 suifiuere.
1981 1718 2071 1803 Ergo
2097 1721 2184 1804 quis·

187 1803 327 1882 ubiieiet,
358 1800 524 1867 undenam
545 1800 580 1867 id
602 1802 680 1869 seiri
701 1803 822 1887 possit:
855 1802 1044 1884 respondeo,
1076 1803 1161 1868 eius-
1214 1802 1288 1884 quis
1317 1800 1478 1885 seripturs
1506 1809 1677 1868 oontentus
1705 1821 1772 1867 non
1800 1807 1860 1882 est,
1892 1802 1967 1887 plue
1993 1824 2108 1888 sapere
2129 1828 2184 1873 ex·

187 1887 260 1953 dem
287 1886 424 1972 spiritus
451 1887 650 1954 revelatione
675 1895 744 1953 tam
777 1886 945 1970 disoipulis
966 1908 1063 1970 quam
1086 1887 1161 1955 dou·
1215 1887 1300 1971 petit
1316 1906 1415 1970 qnam
1437 1894 1587 1968 operteat
1609 1887 1661 1954 vel
1684 1884 1846 1971 expediat.
1882 1888 2010 1955 Verum
2032 1891 2087 1958 hio
2109 1892 2186 1959 obii-

188 1972 314 2039 toribus
329 1972 439 2038 Deum
453 1974 601 2056 patelieri
620 1982 777 2040 sutorem
813 1973 928 2057 Neque
950 1973 1038 2039 enim
1053 1972 1163 2040 Moses
1214 1973 1300 2040 uitur
1322 1973 1482 2056 quaestio:
1511 1993 1611 2055 quum
1632 1972 1756 2040 Paulus
1780 1972 1820 2039 de
1841 1973 2007 2057 seriptnra
2026 1973 2186 2061 loquetur,

69 2128 73 2136 ,
190 2068 224 2124 01
252 2058 430 2143 prophetae
456 2066 580 2126 temere
601 2059 815 2144 prodiderunt
836 2078 919 2142 quse
941 2058 1099 2126 hebemus
1120 2080 1163 2125 ex
1215 2078 1298 2142 quae
1319 2067 1471 2125 oensetur
1498 2059 1559 2124 sub
1585 2060 1719 2124 nomine
1739 2059 1861 2126 veteris
1882 2062 2083 2143 testamenti,
2112 2083 2189 2147 quo·

189 2164 303 2211 eorum
331 2165 450 2211 manu:
479 2142 537 2211 sed
565 2164 666 2228 quum
690 2144 752 2211 Dei
778 2144 922 2228 impulsu
944 2144 1162 2228 loquerentur,
1215 2144 1310 2211 modu
1325 2164 1364 2210 ea
1381 2142 1508 2211 diostur
1529 2144 1696 2210 hominem
1719 2144 1809 2210 omui
1831 2165 1873 2210 ex
1894 2151 1988 2228 psrts
2009 2147 2187 2216 absolvere.

190 2229 392 2297 eoniidenter
410 2249 449 2297 ao
470 2230 639 2315 intrepide,
662 2239 699 2297 ut
719 2249 773 2296 ree
794 2239 873 2309 erat,
894 2231 1005 2296 testati
1026 2239 1106 2297 sunt
1126 2251 1163 2297 os
1215 2229 1301 2296 Nam
1323 2230 1350 2295 ei
1372 2229 1420 2294 ita
1440 2240 1501 2314 est,
1525 2229 1655 2297 videtur
1676 2250 1747 2297 esse
1767 2251 1805 2297 su
1831 2252 2008 2298 srvseuum
2031 2233 2189 2319 quidquid

191 2315 326 2382 Domini
358 2314 530 2401 loquutum
563 2337 644 2383 esee.
688 2315 780 2383 Idem
817 2335 895 2401 ergo
928 2315 1073 2398 spiritus,
1106 2317 1163 2401 qui
1216 2315 1334 2381 deinde
1355 2336 1414 2400 per
1433 2316 1596 2399 apostolos
1618 2319 1762 2382 aueessit
1800 2252 2005 2400 Respondes,
2027 2327 2187 2403 quantum

190 2402 308 2469 Mosen
341 2412 374 2469 et
404 2401 582 2485 prophetes
610 2401 793 2469 venationis
821 2421 898 2466 suae
926 2400 1068 2468 reddidit
1096 2422 1164 2469 oer-
1216 2400 1259 2468 ed
1280 2401 1497 2469 substantiam
1520 2409 1655 2484 speetat,
1677 2401 1761 2468 nihil
1781 2402 1880 2469 fuisse
1902 2402 2058 2470 additum.
2096 2404 2188 2472 Nihil

193 2488 303 2570 tiores,
325 2508 413 2554 nunu
428 2505 558 2572 quoque
572 2495 714 2554 testatur
727 2485 880 2553 sordibus
897 2488 1029 2568 nostris,
1051 2508 1165 2554 eorum
1216 2486 1303 2553 enim
1336 2487 1507 2555 eontinent
1536 2487 1758 2571 apostolorum
1785 2487 1909 2570 seripta
1936 2507 2033 2573 quam
2061 2510 2188 2558 meram

190 2594 226 2639 ee
254 2573 436 2641 ministeriu
464 2592 563 2638 usum
589 2593 660 2640 esse
681 2573 724 2640 sd
752 2591 814 2639 nus
836 2570 1005 2639 doeendus.
1049 2572 1165 2657 Itaque
1217 2595 1255 2640 au
1284 2593 1475 2658 germanam
1505 2572 1587 2656 legis
1616 2581 1649 2640 et
1676 2572 1910 2656 prophetarum
1941 2574 2188 2658 expliostionem

190 2678 257 2724 nou
273 2659 391 2724 mirum
407 2658 435 2723 si
450 2658 597 2743 plerique
612 2658 653 2725 de
669 2668 783 2726 autore
804 2658 984 2742 seripturse
1005 2658 1164 2725 dubitent.
1217 2680 1285 2726 una
1319 2679 1393 2726 eum
1422 2678 1532 2724 rerum
1561 2658 1771 2726 exhibitione.
1821 2659 1965 2726 Proinde
1980 2661 2054 2726 huo
2081 2660 2187 2745 elogio

191 2743 279 2809 Nam
306 2751 472 2827 uteunque
499 2743 567 2810 11110
587 2743 653 2812 1)01
671 2745 826 2812 maiestas
847 2764 883 2810 se
904 2745 1068 2811 ostendet:
1098 2765 1165 2810 non
1216 2766 1282 2811 nun
1296 2744 1381 2811 mule
1396 2744 1592 2828 seripturam
1606 2743 1734 2811 Psulus
1748 2746 1891 2812 ornavit:
1914 2753 1947 2812 et
1969 2766 2068 2830 quum
2090 2745 2188 2815 hodie

190 2837 303 2896 tamen
331 2829 454 2896 habent
479 2829 588 2896 oeulos
610 2830 673 2897 nisi
695 2830 751 2914 qui
772 2838 852 2895 sunt
873 2850 894 2896 0
914 2830 1031 2914 spiritu
1052 2839 1166 2898 saneto
1217 2830 1344 2914 plenior
1364 2830 1407 2897 sit
1429 2838 1461 2895 et
1488 2828 1684 2899 lueuleutier
1706 2830 1870 2916 evangelii
1901 2833 2086 2899 0000001000
2118 2833 2188 2899 eius

190 2914 379 2995 illuminati,
412 2923 450 2981 ut
478 2923 615 2982 uernant
643 2917 727 3001 qnod
754 2914 905 2983 omnibus
933 2914 1064 2998 quidem
1094 2936 1166 2981 esse
1217 2915 1374 2996 doetrina,
1399 2914 1476 2999 quid
1499 2915 1560 2982 diei
1583 2924 1701 3001 potest,
1722 2916 1787 2983 nisi
1807 2922 1888 2984 10010
1907 2918 2130 3005 neodem)
2151 2926 2189 2984 ut

192 2999 339 3082 debebat,
371 3000 451 3068 eolis
480 3012 589 3068 tamen
618 3001 729 3069 eleetis
756 3012 808 3067 est
828 3001 1048 3087 oonspieuum.
1091 3001 1165 3069 Hoe
1216 3002 1320 3068 multe
1348 3001 1454 3086 magis
1482 3022 1517 3068 se
1547 3010 1679 3069 exseret
1707 3003 1771 3068 ista
1796 3002 1922 3071 utilitas
1942 3022 2043 3086 quam
2063 3004 2187 3072 Paulus

191 3085 347 3238 grissseet
365 3086 721 3237 memssrum1213sandem
745 3087 927 3240 seriptubrae
948 3088 1166 3239 revlerentiem
1216 3087 1390 3237 praedigni,
1422 3088 1454 3155 si
1486 3086 1581 3156 nobis
1613 3089 1718 3173 ipsam
1744 3088 1893 3172 experiri
1919 3087 2022 3158 libeat
2048 3111 2087 3158 su
2116 3110 2187 3175 per·

215 3192 423 3256 errquam
476 3193 514 3238 eo
558 3191 862 3257 serimus,qnma
904 3193 1165 3241 eesuomanu
1215 3194 1323 3242 orere

193 3257 332 3338 vitnau
354 3257 532 3343 quidquam
554 3258 691 3326 hnmani
713 3259 811 3325 habet
831 3258 1019 3327 admistum.
1246 3195 1268 3259 p

279 3342 325 3408 Et
345 3343 446 3428 sedilis,
467 3348 520 3411 ete.
564 3343 725 3427 Sequitur
744 3366 834 3412 nunu
855 3345 959 3411 altera
978 3364 1056 3428 pars
1076 3365 1165 3412 oum-

195 3425 423 3513 mendstiunis,
452 3430 529 3514 quie
549 3431 726 3514 perfeetum
749 3431 829 3496 bene
851 3429 1009 3514 beateque
1031 3430 1166 3497 vivendi
1565 3432 1748 3514 CAPUT
1769 3431 1840 3515 Ν,

193 3513 341 3599 regulum
356 3515 530 3582 eontineat
566 3515 662 3599 Quod
678 3536 778 3600 quum
800 3516 888 3595 dioit,
909 3516 1073 3602 signifieat
1095 3537 1166 3583 eam

192 3601 356 3686 eorrumpi
370 3620 472 3685 prese
490 3601 604 3687 abusu,
621 3600 674 3669 ubi
697 3623 764 3668 non
785 3602 955 3686 quaeritur
976 3602 1056 3669 haee
1078 3602 1167 3668 utili·
1304 3599 1334 3666 1.
1361 3599 1496 3668 otueor
1515 3600 1614 3685 ipitur
1634 3621 1687 3687 epu
1707 3621 1815 3670 eurum
1827 3601 1897 3671 Deo
1915 3608 1944 3671 et
1959 3602 2097 3672 Destino
2114 3602 2189 3671 reo

193 3694 253 3754 tas.
297 3688 408 3772 Atque
437 3687 487 3754 ita
513 3687 643 3773 oblique
671 3686 851 3755 nebulones
871 3688 945 3755 illos
965 3687 1167 3773 perstringit,
1220 3683 1355 3771 01001010,
1376 3686 1433 3770 qui
1446 3686 1646 3754 iudieuirmss
1658 3691 1704 3755 est
1723 3688 1810 3754 uiuus
1830 3693 1858 3755 et
1877 3695 2015 3757 numos
2034 3690 2070 3757 ia
2091 3709 2188 3773 appa·

194 3773 249 3857 qui
271 3773 366 3841 vanis
387 3773 671 3858 speoulstionibns,
700 3781 857 3857 tanquam
879 3778 987 3859 ventu,
1015 3773 1168 3858 populum
1217 3772 1332 3839 ritioue
1359 3791 1421 3838 seso
1448 3776 1477 3838 st
1505 3773 1541 3839 in
1568 3792 1661 3858 septu
1681 3794 1753 3840 00οε
1785 3773 1817 3840 2.
1833 3775 1989 3856 praedm
2008 3793 2189 3855 0000000001,

192 3859 377 3942 pasoebant
426 3857 502 3939 Qus
533 3861 661 3926 ratione
694 3879 867 3943 possumus
891 3859 989 3925 hodie
1010 3858 1168 3926 damnare
1217 3857 1304 3926 ioue
1323 3860 1503 3943 110οψ001100,
1531 3858 1752 3942 iuiempestiuu:
1782 3879 1889 3944 urpsw,
1909 3860 2046 3945 iuerepu,
2066 3860 2190 3929 burim

193 3945 395 4030 omnesqui,
423 3944 610 4030 posthabito
632 3945 864 4013 oedifieationis
884 3945 1006 4030 studio,
1034 3954 1169 4030 argutas
1218 3965 1289 4014 eam
1316 3945 1403 4011 sumi
1429 3945 1555 4012 10011010
1581 3949 1610 4011 01
1634 3944 1786 4015 dom
1829 3945 1861 4012 3.
1884 3945 1973 4015 Nota
1992 3947 2052 4015 erit
2069 3951 2190 4029 {mas

195 4036 324 4096 tantum
342 4039 374 4096 et
395 4031 529 4098 frivolas
550 4031 756 4117 quaestiones
777 4031 913 4116 egium.
947 4031 1021 4097 Imu
1041 4031 1168 4116 quoties
1218 4050 1318 4115 quum
1343 4050 1458 4098 sunum
1485 4031 1661 4098 0100110000
1691 4050 1755 4098 auu
1780 4031 1989 4101 amedee.-
2017 4031 2072 4098 ued
2096 4031 2191 4098 iente

196 4113 333 4182 frivolae
362 4116 520 4183 eiusmodi
548 4117 697 4201 argutiae
725 4117 922 4201 ingeruntur
951 4117 987 4183 in
1013 4117 1167 4196 medium,
1218 4116 1480 4200 oouuspiseeutius
1492 4136 1571 4183 suus
1589 4116 1812 4184 commotos:
1830 4117 1893 4186 subi
1913 4119 2056 4200 (10010000,
2076 4121 2114 4183 at
2133 4116 2190 4200 qai

195 4198 258 4267 buo
287 4200 402 4286 elypeu
427 4200 634 4286 repellendus
655 4207 744 4287 sunt,
777 4201 864 4287 quod
885 4201 978 4270 utilis
1000 4203 1044 4270 sit
1065 4205 1167 4288 serip-
1213 4204 1361 4287 pmrsou
1382 4202 1527 4269 nuribus:
1548 4202 1578 4269 4.
1600 4207 1629 4269 ut
1648 4223 1671 4270 u
1690 4204 1819 4271 00011010
1839 4204 1963 4287 quidem
1983 4223 2079 4274 uteres
2098 4223 2186 4271 uuer-

196 4289 281 4352 tura.
319 4286 413 4353 Unde
428 4286 586 4371 sequitur,
610 4288 702 4355 neies
720 4309 791 4354 esse
813 4309 885 4354 eam
908 4288 1168 4356 100011τοὶ1011-
1192 4297 1195 4399 J
1216 4293 1294 4356 urst:
1315 4288 1360 4354 ud
1377 4285 1506 4370 fmulos
1525 4292 1629 4356 aulem
1648 4293 1868 4358 mambote.

196 4369 282 4438 liter.
326 4371 441 4456 Neque
470 4372 557 4438 enim
588 4372 639 4440 sel
666 4374 846 4441 euriositati
872 4383 1003 4442 nostrae
1023 4373 1168 4459 obsequi,
1192 4404 1195 4466 ῑ

197 4455 251 4520 vel
283 4458 494 4524 ostentationi
526 4458 709 4544 indulgere,
744 4459 797 4527 vel
828 4459 996 4527 fabulandi
1028 4471 1062 4527 et
1094 4480 1168 4546 gar·
1305 4458 1333 4523 1.
1359 4456 1495 4526 Obiestor
1522 4460 1631 4544 ipius.
1673 4460 1826 4529 Notauda
1851 4469 1903 4527 est
1924 4459 2098 4546 diligenter
2118 4459 2187 4526 illa·

197 4540 304 4607 riendi
325 4541 403 4609 dere
424 4545 597 4612 materiem
619 4545 721 4613 voluit
745 4544 915 4624 Dominus,
944 4567 1044 4630 quum
1067 4546 1167 4630 sorip·
1219 4542 1282 4610 tie:
1314 4542 1392 4629 quia
1420 4555 1495 4630 apte
1522 4546 1717 4630 scripturam
1747 4567 1821 4613 oum
1855 4546 2092 4632 praedieatione
2115 4565 2188 4613 eun·

198 4635 291 4714 turae
319 4630 413 4697 nobis
435 4631 582 4698 tradidit:
614 4632 673 4698 sed
691 4629 853 4714 prodesse.
896 4631 1041 4698 Proinde
1060 4640 1169 4702 reotus
1218 4629 1329 4697 neotit.
1359 4629 1434 4711 Quo
1449 4631 1547 4697 etiam
1566 4631 1725 4698 refellitur
1746 4631 1952 4714 quorundam
1972 4631 2188 4699 lsnatiuornm

199 4713 376 4798 seriptume
395 4737 472 4784 usus
491 4717 532 4783 ed
554 4718 735 4802 protentum
758 4716 892 4784 tendere
913 4737 1041 4801 semper
1063 4715 1168 4784 debet.
1219 4718 1416 4800 arrogantia,
1449 4717 1507 4801 qui
1540 4717 1707 4785 deuterum
1738 4735 1838 4799 opera
1869 4740 1904 4785 se
1936 4716 2019 4785 nihil
2048 4717 2188 4802 amplius

284 4800 339 4867 Ad
354 4800 535 4870 dodriunm.
570 4803 636 4872 Hie
657 4824 716 4888 per
736 4804 860 4887 speeies
881 4813 1049 4870 enumeret
1069 4822 1168 4886 quam
1219 4801 1366 4888 indigere
1390 4802 1525 4884 iaetant,
1553 4803 1630 4886 qnia
1650 4800 1781 4868 abunde
1802 4804 1982 4888 seripturae
2003 4803 2101 4873 leutio
2122 4802 2188 4872 sut·

199 4885 290 4952 varia
319 4887 362 4953 sit
391 4909 429 4955 se
456 4889 629 4974 multiplex
659 4889 792 4956 utilitas.
836 4892 886 4955 Ae
906 4890 1013 4973 primo
1038 4887 1168 4973 quidem
1218 4888 1318 4956 lioiat.
1370 4888 1474 4973 Atqui
1504 4887 1628 4954 Paulus
1666 4886 1720 4953 ubi
1759 4887 1799 4956 de
1835 4890 2016 4975 seripturae
2048 4889 2188 4958 utilitste

198 4970 269 5044 loeo
284 4973 375 5057 ponit
392 4972 586 5042 deutrinum:
609 4975 705 5050 siunti
726 4974 841 5042 ordine
862 4973 926 5040 alia
946 4975 1056 5041 omnia
1076 4993 1169 5059 prse-
1219 4972 1383 5055 disseruit,
1416 4995 1483 5041 non
1515 4979 1641 5042 unum
1673 4971 1772 5041 inter:
1803 4975 1911 5058 ipsam
1937 4995 2009 5043 esse
2038 4975 2187 5043 omnebus

198 5055 294 5123 eedit.
338 5058 479 5126 Frustra
493 5063 581 5128 enim
603 5059 745 5128 horteris
766 5059 819 5130 vel
840 5080 969 5146 arguas,
991 5059 1055 5127 nisi
1075 5059 1168 5143 prius
1217 5057 1400 5146 legendam,
1431 5060 1489 5127 sed
1521 5057 1666 5126 tooure
1698 5079 1770 5127 eam
1800 5060 1917 5140 debere
1944 5060 2187 5128 administrare:

198 5139 355 5212 duuueris.
407 5144 474 5212 Sed
504 5148 580 5232 quia
609 5168 707 5232 saepe
734 5148 833 5235 friget
859 5168 919 5231 per
946 5167 982 5213 se
1009 5143 1166 5225 donnino,

200 5226 300 5311 addit,
321 5230 656 5319 redsrgutionem
673 5243 707 5300 et
731 5231 1026 5301 norreotiunem.
1061 5230 1166 5300 Porro
1303 5247 1327 5318 ι)
1343 5244 1470 5304 mtrem,
