4762 6016
189 375 251 442 tol
873 394 882 419 ι·
1059 369 1234 446 'CAPUT
1256 370 1327 438 11..
1413 385 1424 392 “·
2134 377 2198 459 iffi

190 569 357 672 Iohannes
385 568 431 653 (l.
454 568 517 670 dp.
537 567 570 652 2,
601 566 670 654 18),
699 573 875 634 venturum
909 564 1040 665 quidem
1069 565 1166 630 Anti·
1218 564 1400 647 signifieat:
1423 563 1698 648 quemadmodum
1712 576 1747 640 et
1761 566 1935 668 undsuimo
1948 571 2057 653 eapite
2070 570 2198 653 lessies

190 654 360 810 {titt
379 652 439 824 :t
457 651 1026 839 ttsttttttttttttt
1045 649 1168 836 diii
1217 648 1567 819 titatrtttt.
1581 650 2197 825 ffiwliidlssr‘iidilid

190 825 317 895 exitiali
344 837 437 911 peste
466 844 551 908 quae
579 835 658 892 tune
679 843 772 892 vane
793 821 984 906 pullulabat
1028 821 1166 888 Exorna-
1218 841 1294 888 rum
1326 841 1387 905 pro
1418 821 1534 888 eodem
1567 823 1699 906 aooipit:
1741 831 1839 908 atque
1870 823 1923 893 his
1955 845 2086 911 quoque
2117 829 2198 913 ipsis

190 911 312 978 bantur
339 912 427 977 euim
457 919 574 991 sesua,
603 930 687 995 quae
708 909 814 976 veluti
834 909 959 976 semina
981 916 1076 973 erant
1097 907 1168 974 eina
1219 907 1320 974 umis
1348 908 1483 975 instruit
1511 905 1692 989 Christum,
1725 921 1761 974 nt
1790 910 1902 979 hostes
1931 933 2007 978 suos
2034 914 2196 998 profliget.

188 997 327 1064 infausti
347 997 428 1078 lolii,
456 996 543 1082 quad
565 1005 669 1062 totam
692 994 756 1061 Dei
777 1003 923 1079 segetem
944 1012 1046 1078 prope
1066 992 1167 1059 suffo-
1219 991 1307 1060 Hoea
1334 993 1474 1077 iasioais
1500 999 1546 1061 est
1572 1013 1665 1060 serae
1691 1014 1849 1078 sanaeque
1869 996 2027 1064 manee
2044 1017 2197 1074 ammes·

190 1085 277 1152 eavit
315 1103 354 1150 ae
392 1082 546 1168 perdidit.
604 1081 781 1149 Caeterum
818 1079 971 1163 quamvis
1006 1078 1168 1147 ooonltam
1218 1079 1315 1161 datia
1336 1079 1421 1161 qaod
1441 1079 1486 1146 ad
1502 1099 1622 1147 amaea
1638 1081 1827 1163 iaspietatsm
1844 1081 2026 1150 adalardum
2042 1083 2197 1169 misma,

190 1169 415 1257 operationem
432 1168 595 1254 signifieat
611 1167 742 1248 Paulus,
761 1167 912 1251 mysterii
930 1175 1041 1232 tamen
1059 1165 1168 1249 potius
1218 1169 1246 1229 et
1266 1169 1373 1235 anae
1390 1184 1497 1231 aarum
1515 1163 1655 1234 &aaut
1675 1165 1840 1235 maritinae
1860 1188 1981 1251 reaper
1999 1169 2069 1252 fore
2083 1172 2198 1238 masia

190 1256 322 1355 nomine
343 1275 440 1339 qnam
462 1253 533 1355 alio·
547 1273 626 1354 usus
647 1260 708 1333 est,
730 1252 881 1319 alludens
902 1250 958 1352 ad⁸
972 1249 1168 1336 mysterium
1218 1250 1343 1317 dieitur.
1366 1249 1490 1351 ,diuiti
1517 1250 1592 1317 dom
1606 1252 1709 1334 puato
1724 1259 1798 1334 post
1816 1255 1886 1320 asts
1899 1254 2100 1336 praedicatio
2120 1256 2197 1338 dioif

190 1338 776 1527 sarmatas
790 1337 1041 1491 attera
1055 1335 1169 1488 ers
1218 1334 1761 1406 ”a
1804 1337 2197 1510 terratia

189 1510 254 1578 Dar
276 1523 311 1577 et
331 1511 419 1579 huno
441 1511 546 1577 tilium
568 1512 745 1595 perditum.
1219 1505 1392 1592 adspeotns
1421 1508 1547 1609 (Jhnsti
1576 1509 1682 1608 laeum
1711 1531 1794 1593 quae
1823 1513 1974 1579 tenebras
1995 1514 2197 1590 Autiohristi

277 1595 389 1664 &luat
415 1601 521 1664 tutent
547 1597 646 1663 mado.
696 1595 807 1676 Quum
836 1605 1008 1679 utrumque
1036 1593 1077 1659 ds
1102 1612 1169 1658 uno
1220 1593 1409 1659 absorbeat:
1431 1606 1557 1660 tutores
1580 1605 1677 1660 tuente
1698 1595 1883 1664 subindioat
1899 1597 2106 1666 Antiohristo
2165 1622 2197 1667 r·

191 1682 285 1760 dieat,
312 1693 425 1750 tenere
447 1683 489 1748 ad
511 1694 642 1765 tempus
685 1682 895 1766 rineipatum,
922 1677 1069 1747 etheaei
1091 1676 1167 1744 sno
1219 1681 1354 1745 mum
1377 1680 1419 1745 iri
1441 1680 1601 1764 regnandi
1624 1685 1720 1759 vines,
1743 1702 1844 1766 quum
1866 1704 1903 1750 ss
1917 1682 2069 1752 Christus
2093 1707 2133 1751 vs
2147 1687 2196 1752 uti

190 1767 296 1835 latum
318 1769 359 1833 iri
381 1768 538 1847 emedio,
565 1789 630 1834 non
653 1703 766 1835 dubito
788 1766 830 1832 sd
854 1765 1094 1865 Antiohriatum
1117 1784 1168 1830 ra·
1220 1765 1423 1832 subduxerit.
1469 1767 1737 1848 Quemadmodum
1756 1769 1895 1835 assidere
1915 1769 2000 1854 salet,
2025 1773 2142 1853 assatas
2161 1792 2197 1839 ss

189 1853 296 1922 terra:
315 1864 350 1919 et
372 1855 577 1938 perticipium
599 1854 751 1920 obtinens
772 1853 893 1919 resolvr
915 1852 1011 1919 debet
1028 1851 1063 1916 in
1080 1849 1168 1916 futu·
1220 1851 1359 1934 affeetti
1378 1856 1497 1937 mount
1517 1852 1710 1920 matiana.
1759 1855 1804 1919 Et
1826 1865 1915 1922 uerte
1935 1855 1999 1921 tuit
2020 1858 2123 1923 tristis
2141 1858 2197 1925 ills

190 1960 267 2007 rum
298 1951 437 2024 tempus.
482 1939 568 2005 Nam
596 1939 659 2007 hoo
687 1939 775 2025 (meo
805 1937 937 2024 iudieio)
966 1939 1001 2002 in
1022 1935 1169 2003 oonsola·
1220 1935 1347 2004 Olaristi
1371 1937 1543 2019 disoeasns,
1565 1960 1666 2022 quum
1685 1941 1790 2006 laeam
1806 1961 1898 2007 suam
1915 1941 2001 2008 male
2015 1953 2049 2008 et
2062 1943 2197 2029 indigno

190 2026 314 2093 οἰοοοιιι
345 2025 489 2092 fidelium
518 2023 654 2102 addidit,
682 2023 862 2108 temporale
883 2027 952 2090 iore
976 2020 1169 2089 Antiohriati
1220 2035 1390 2106 exoaptam
1414 2022 1599 2090 hominibus
1621 2025 1772 2091 abstulit:
1795 2028 2068 2110 quemadmodum
2091 2032 2197 2113 sequi·

190 2131 351 2212 ragnum&
373 2112 426 2177 oui
459 2110 626 2195 praefixus
657 2112 702 2177 sit
731 2132 752 2177 a
782 2109 871 2209 Deo·
888 2112 980 2177 finis:
1015 2113 1170 2206 poterant
1221 2117 1286 2173 tur.
1318 2107 1453 2175 Interim
1468 2109 1553 2177 daret
1567 2108 1703 2194 Paulus,
1725 2111 1794 2178 sola
1810 2114 1882 2179 sisse
1894 2115 2078 2196 praeseutia
2092 2121 2198 2182 uasta

189 2218 279 2264 anrm
301 2198 439 2264 obrioaro
466 2196 588 2275 fideles,
618 2195 784 2277 Quorsum
813 2204 933 2261 attinet
960 2193 1168 2278 evangelium
1220 2214 1325 2262 amaea
1354 2193 1493 2262 &tanae
1523 2197 1660 2264 uastius
1689 2197 1769 2264 satis
1800 2199 1976 2282 totostoto
2003 2220 2106 2266 anua
2132 2200 2198 2268 Dei

190 2283 766 2455 mttttlltt‘tttt?
782 2279 1168 2453 idi‘ffldtlid
1220 2279 1335 2347 m·

190 2455 281 2532 dam,
310 2455 388 2538 qnia
408 2454 502 2520 Deus
530 2453 700 2521 eoolosiam
728 2474 821 2521 snam
847 2453 889 2519 sd
911 2462 1041 2536 tempus
1062 2451 1168 2516 solum
1306 2452 1337 2519 9.
1360 2449 1461 2520 Ouiae
1478 2453 1628 2521 adamas
1640 2459 1687 2521 est
1698 2454 1868 2522 amandam
1881 2455 2088 2536 οροναίίοοοοη
2103 2454 2196 2522 Sata·

190 2539 326 2626 affliget,
341 2551 379 2606 ut
394 2539 568 2624 aliquando
583 2540 715 2606 liberet:
737 2561 780 2607 ex
795 2540 934 2605 adverso
948 2547 1059 2604 autem
1074 2534 1168 2620 regni
1219 2557 1288 2615 aaa,
1310 2540 1347 2605 ia
1367 2541 1454 2605 omni
1469 2541 1616 2623 patentia,
1645 2542 1795 2626 etsiatas
1815 2541 2019 2624 etprodipiis
2039 2542 2196 2608 mardani-

191 2625 318 2695 Ohristi
352 2627 554 2710 perpetuitas
586 2625 822 2693 oonsideranda
853 2632 920 2703 est,
957 2634 996 2689 ut
1026 2624 1062 2689 in
1095 2642 1167 2687 eam
1220 2623 1288 2705 itte,
1332 2625 1382 2691 10.
1404 2630 1433 2689 et
1453 2626 1488 2691 ia
1509 2626 1594 2691 amai
1614 2627 1787 2708 deceptione
1807 2627 1991 2706 iniustitiae,
2019 2628 2056 2693 itt
2075 2628 2120 2696 iis
2140 2629 2197 2710 atsi

189 2712 383 2781 rsoumbant
401 2711 527 2780 fideles.
628 2797 635 2812 ι
918 2796 950 2810 ..
1031 2796 1037 2808 ι
1214 2715 1369 2792 pereant:
1391 2731 1453 2792 pra
1479 2731 1513 2777 ea
1544 2713 1626 2793 qaod
1653 2713 1843 2780 damonae
1871 2714 2012 2778 amatis
2039 2733 2102 2778 aaa
2122 2719 2197 2780 aaut

277 2798 309 2866 8.
331 2797 377 2866 at
400 2796 697 2866 meneutam.
740 2796 852 2878 Quum
881 2795 1005 2863 serlrast
1029 2793 1110 2860 rllud
1131 2793 1169 2860 tt
1220 2797 1368 2881 usmitai,
1396 2800 1431 2861 ut
1459 2797 1542 2863 salai
1565 2798 1683 2880 fieret.
1730 2800 1780 2866 ll.
1808 2797 1979 2880 Propterea
2005 2801 2103 2866 mitet
2128 2799 2197 2866 illis

189 2882 332 2971 adtexas
357 2883 549 2952 ammissit:
571 2883 788 2967 nequeenim
811 2892 937 2964 tempus
959 2879 1169 2949 revelationis
1220 2879 1312 2949 Dens
1338 2883 1545 2965 operationem
1572 2885 1772 2966 imposturae,
1805 2889 1841 2950 at
1865 2885 1992 2951 aedunt
2018 2886 2197 2952 ωοοᾶοοίοο

192 2969 353 3055 dssignat,
382 2991 483 3053 quum
512 2990 531 3035 ο
559 2970 667 3036 medio
696 2967 844 3036 sublatae
873 2968 973 3035 luerit
1002 2966 1058 3050 qni
1081 2985 1170 3032 nuno
1222 2968 1274 3034 12.
1294 2972 1330 3034 at
1350 2968 1528 3036 mianar
1548 2989 1654 3036 omues
1674 2972 1730 3052 pai
1750 2991 1810 3036 aaa
1838 2971 2037 3037 crediderant
2059 2973 2196 3056 vaitati,

190 3057 414 3140 prineipatum
428 3063 532 3122 tenet:
548 3053 606 3123 aad
620 3053 662 3120 sd
677 3055 847 3138 superiora
860 3053 1001 3137 respieit.
1029 3050 1170 3118 Dixerat
1220 3053 1276 3122 sed
1296 3053 1433 3123 otieaati
1453 3060 1530 3120 suat
1548 3057 1718 3122 iniustitia.

192 3143 280 3208 anim
297 3140 422 3225 aliquid
437 3140 568 3208 obstare
582 3142 758 3224 quominus
772 3152 919 3225 apertam
935 3140 1027 3224 regni
1042 3157 1169 3220 possea
1861 3188 1867 3218 ·,

189 3228 316 3295 donam
338 3226 565 3297 Antiohristus
585 3227 766 3294 invaderat.
804 3225 941 3292 Addidit
958 3237 1081 3308 postea,
1102 3224 1168 3289 iam
1306 3226 1338 3293 9.
1363 3225 1465 3294 Gaius
1484 3228 1644 3294 moena.
1693 3226 1876 3294 Confirmat
1893 3226 1978 3312 quod
1996 3227 2081 3294 dixit
2101 3249 2197 3312 argu·

189 3313 432 3381 olandestinum
459 3314 641 3400 impietatis
667 3333 752 3399 opus
780 3311 899 3380 moliri.
950 3311 1063 3377 'lertio
1093 3330 1168 3376 oon·
1222 3324 1332 3376 monto
1358 3333 1378 3377 a
1406 3314 1587 3380 contrariis
1636 3312 1720 3379 Nam
1750 3334 1850 3397 quum
1879 3312 2102 3381 Antiohristua
2130 3335 2197 3380 non

187 3399 384 3501 solationem
416 3399 621 3485 interposuit,
652 3420 694 3467 ax
722 3397 877 3499 eoquod
907 3397 1055 3463 finienda
1082 3407 1169 3462 meet
1220 3399 1376 3464 mnsistat
1392 3400 1457 3465 uisi
1472 3396 1617 3466 Satanae
1635 3401 1837 3483 imposturis:
1860 3400 2059 3485 simulatque
2084 3399 2197 3469 illnost

190 3492 352 3571 tyrannis.
394 3485 494 3552 Nune
523 3488 642 3553 iterum
671 3494 798 3570 repetit,
827 3503 887 3551 auo
909 3493 1057 3568 tempore
1078 3501 1170 3548 resa·
1220 3483 1386 3570 christus,
1416 3504 1548 3553 neumae
1575 3493 1627 3551 est
1655 3486 1762 3569 ipsum
1790 3505 1993 3553 ersnesesre.
2043 3485 2197 3571 Denique

188 3568 327 3636 landum
356 3574 411 3654 qui
439 3569 547 3638 adhuo
573 3571 721 3640 oooultus
746 3583 835 3638 orate
863 3577 897 3637 ot
924 3569 1077 3654 repetitio
1102 3566 1169 3634 huo
1220 3572 1297 3653 quia
1314 3581 1444 3637 tantum
1459 3572 1493 3638 in
1508 3572 1652 3638 mnebris
1678 3581 1803 3655 regnat,
1833 3571 1902 3638 dies
1928 3574 2078 3639 exoriens
2103 3573 2198 3658 regni

190 3658 351 3739 partinet,
390 3665 426 3722 ut
462 3657 564 3724 armis
600 3657 827 3741 spiritualibus
870 3656 1022 3724 instruoti
1054 3654 1167 3722 fideles
1219 3656 1308 3722 illins
1337 3657 1511 3742 ostiginem
1542 3659 1694 3743 profligat
1724 3667 1757 3722 et
1786 3659 1978 3742 exstinguit.
2030 3658 2196 3725 Tenemus

191 3749 325 3841 stream
357 3740 572 3808 nihilominus
603 3741 665 3809 snb
694 3740 829 3810 Christo
856 3741 1010 3823 militent,
1041 3762 1103 3808 nee
1132 3760 1168 3807 se
1220 3764 1308 3810 unae
1330 3743 1467 3827 apostoli
1484 3744 1674 3810 eonsilium:
1698 3742 1813 3811 dooere
1827 3743 1915 3808 enim
1931 3743 2195 3823 minitantium

190 3836 360 3912 putamur
389 3827 567 3914 submergi,
599 3835 767 3912 ntounqne
798 3827 977 3911 impietatis
1005 3825 1167 3895 diluvium
1219 3829 1288 3896 iore
1310 3828 1444 3896 Ohristo
1472 3828 1699 3896 difficultatem
1721 3829 1756 3895 in
1780 3828 1977 3895 destruenda
1999 3829 2195 3896 Antiehristi

189 3913 238 3980 ita
258 3912 416 3980 mundet.
1219 3915 1404 4000 tyrannide,
1440 3933 1524 3999 quaa
1545 3914 1643 3983 nullis
1664 3915 1729 3982 nisi
1751 3913 1896 3982 Satanae
1917 3914 2089 3998 praesidiis
2110 3912 2194 3981 tulta

279 3998 376 4083 Quen
406 3995 576 4067 Dominus.
629 3997 808 4065 Interitum
844 3997 938 4082 regni
969 3996 1167 4064 Antiehristi
1219 4009 1278 4067 est.
1321 4000 1452 4067 interea
1477 4005 1589 4068 tamen
1611 4011 1706 4068 notas
1728 4000 1883 4068 adsoribit
1903 4001 2022 4085 quibua
2043 3999 2099 4066 ills
2120 4020 2194 4085 per·

190 4084 415 4172 praedixerat:
444 4105 532 4152 nnus
555 4083 690 4151 modum
710 4084 867 4152 interitus
889 4082 1051 4163 dasoribit,
1080 4083 1166 4166 quod
1219 4085 1306 4152 ditus
1328 4086 1468 4153 disserui
1490 4098 1598 4170 queat.
1633 4087 1815 4171 Postquam
1832 4087 1921 4153 enim
1939 4089 1980 4154 de
1994 4086 2193 4170 operatione,

185 4169 315 4238 stillost
347 4171 449 4238 verbo
476 4168 612 4237 Domini
643 4171 679 4237 in
711 4169 852 4249 nihilum
884 4167 1062 4269 redigatur.
1109 4168 1165 4270 ξος
1219 4173 1286 4272 vel·
1301 4172 1445 4239 effioaoia
1467 4170 1612 4275 Satanae
1639 4174 1793 4274 loquutus
1822 4185 1881 4275 est,
1911 4173 2099 4271 spetialiter
2122 4192 2193 4272 eam

189 4264 404 4444 &indi
424 4253 1167 4442 qttttdtttttttttltffttlitt
1218 4255 1509 4423 litttattt
1538 4258 2193 4427 {ldld'idil‘ildssdidimi}

189 4427 322 4582 δωᾶοιιι
344 4439 391 4496 tta
411 4448 530 4496 sonare
551 4428 669 4496 verba:
694 4429 752 4496 sed
775 4448 841 4494 uon
864 4426 1020 4513 intelliget
1040 4426 1167 4494 Paulus
1218 4450 1298 4496 sane
1320 4442 1356 4496 ut
1379 4450 1480 4514 regno
1494 4428 1622 4497 Ohristi
1643 4430 1704 4498 hoo
1726 4432 1769 4498 sit
1787 4430 1998 4507 eontrarium,
2020 4429 2193 4512 partimin

220 4512 361 4582 hristum
395 4515 457 4582 hoo
480 4535 545 4581 uno
565 4524 732 4583 momento
763 4514 938 4582 tenturum.
982 4513 1099 4598 Itaque
1120 4514 1166 4581 sie
1218 4515 1301 4582 talos
1321 4515 1466 4582 doetrins
1488 4526 1522 4581 et
1539 4518 1714 4595 erroribus,
1736 4517 1853 4600 param
1871 4517 1906 4580 in
1924 4515 2010 4581 tiotis
2027 4514 2194 4583 mensulis

189 4596 379 4668 mudum
401 4610 460 4679 est,
483 4598 679 4669 abolendum
700 4599 833 4685 penitus
854 4609 887 4665 et
904 4598 995 4666 omni
1012 4620 1056 4665 ex
1073 4612 1165 4684 parte
1216 4603 1315 4668 situm
1337 4622 1409 4668 esse
1426 4609 1564 4685 oportet.
1599 4602 1792 4670 Continetur
1809 4601 1897 4665 enim
1912 4599 2038 4669 Ohristi
2054 4621 2193 4686 regnum

190 4684 443 4766 Autioltristum,
471 4706 571 4770 quum
594 4686 731 4754 ultimus
750 4686 808 4752 ille
828 4685 1076 4753 instaurationis
1096 4704 1165 4751 om·
1217 4687 1363 4754 doetrina
1392 4689 1539 4754 vadatis
1566 4701 1600 4752 et
1627 4689 1760 4771 spiritns
1786 4687 1919 4752 virtuts.
1962 4686 2053 4770 Ergo
2075 4686 2191 4769 Sama,

191 4771 285 4838 nium
299 4770 368 4840 dies
382 4771 545 4839 adveniet.
575 4769 748 4858 signifieat
761 4781 873 4838 amen
886 4771 1022 4851 Paulus,
1040 4771 1166 4840 interea
1218 4783 1256 4838 nt
1276 4773 1313 4838 in
1340 4773 1453 4839 vioarii
1475 4774 1526 4840 sui
1546 4793 1685 4858 persona
1705 4771 1839 4840 Ohristo
1855 4794 1891 4839 se
1907 4783 2062 4856 opponat,
2084 4770 2194 4837 induit

189 4854 360 4927 Christum
392 4859 462 4925 suis
494 4856 611 4943 radiis,
643 4879 723 4942 quos
754 4869 832 4924 suta
860 4857 1038 4924 adventum
1067 4879 1164 4924 suum
1216 4858 1341 4927 Ohristi
1371 4859 1515 4925 larvam:
1534 4861 1641 4927 ,simul
1670 4871 1780 4925 amen
1808 4877 1900 4924 arma
1929 4856 2046 4943 deligit
2073 4855 2192 4941 quibua

189 4945 328 5045 emittet,
356 4942 517 5066 tenebras,
542 4942 727 5095 moion
753 4941 906 5044 mgnabit
928 4942 1165 5028 Artemisiae,
1218 4957 1319 5046 rasta·
1336 4943 1505 5011 Christum
1537 4957 1712 5045 oppugnet.
1750 4944 1917 5046 ‘Christus
1949 4965 2041 5044 ova·
2090 4943 2108 4957 ''
2139 4943 2192 5011 sui

188 5029 1168 5218 mitittttettttst‘'tltltttt..
1217 5030 1659 5200 diffisi-imam
1676 5036 2048 5202 wimiis
2070 5033 2193 5198 ”dil

183 5201 287 5357 ξπ
310 5213 421 5286 itaqua
442 5200 533 5303 seror
555 5203 690 5302 arumde
718 5225 755 5268 rn
778 5202 845 5317 <hoo
872 5200 995 5268 mundo
1024 5222 1060 5268 ea
1089 5221 1164 5285 pro·
1217 5200 1368 5304 doetrina
1397 5201 1517 5303 impios
1549 5202 1745 5304 mustriugit
1772 5204 1808 5269 in
1837 5201 1986 5269 exitim
2037 5199 2192 5301 Christus

280 5308 387 5355 .nam
408 5298 578 5372 sprrrtns
598 5306 680 5354 orrs
700 5308 766 5356 non
790 5287 878 5355 ahud
896 5308 997 5373 qnam
1028 5288 1165 5356 vertum
1217 5299 1355 5373 aprmtns
1386 5309 1437 5357 sm
1470 5298 1652 5374 manuam
1685 5290 1727 5357 ad
1760 5286 1957 5357 sarmium
1990 5297 2127 5369 emant,
2158 5294 2192 5353 et
