4740 6016
182 354 221 421 ιι
351 308 355 319 ’
1082 347 1235 417 aaran
1255 349 1282 415 1.
2144 355 2189 423 ιι

182 547 267 617 llam
311 565 393 615 naar
413 551 539 616 oenum
560 549 613 628 sit,
643 547 752 614 Deum
774 566 866 630 apem
884 552 1034 612 ·nostranr
1054 544 1155 610 mini·
1205 544 1289 612 oraim
1320 542 1376 611 tao
1401 543 1523 612 mellae.
1567 543 1619 614 dd
1642 542 1774 613 uaeas
1800 563 1872 613 asro
1897 544 1934 612 ιἰι
1959 563 2054 614 eam
2083 549 2191 634 saaph

182 653 234 701 ms
255 653 298 701 ve
361 633 531 700 frustrari:
558 653 633 716 spes
654 634 726 717 ipsa
746 633 845 699 dubia
865 652 938 698 asse
958 652 1026 697 non
1048 629 1156 697 dehet
1204 630 1416 697 massoram
1431 635 1561 712 propter
1581 650 1646 698 aaa.
1688 631 1743 698 25.
1766 632 1870 714 Atque
1884 631 1941 699 boo
1960 633 2096 714 moliare
2111 637 2189 703 aare·

183 718 284 786 Notat
314 739 393 804 ergo
422 718 594 803 diligenter
621 720 697 803 pius
729 717 831 785 leotor
859 717 1051 784 adverbium
1084 716 1155 795 hoo,
1205 715 1288 799 qaod
1315 716 1444 783 manebo
1472 722 1502 782 et
1523 715 1712 800 perrrtaaeba
1750 735 1822 783 ιιιιιι
1853 717 1998 784 mribus
2030 719 2116 786 robis
2148 722 2186 788 ιἰι

182 802 425 872 seeundum:
445 813 587 872 utoerto
601 804 775 872 sodomita
789 805 974 882 eonstitaat,
997 803 1067 867 heri
1090 822 1156 867 non
1205 807 1343 867 rostram
1360 802 1581 886 prosmamst
1622 803 1754 868 madiam
1772 803 1865 886 fidei:
1908 804 1961 871 26.
1983 809 2020 870 ιιι
2038 805 2189 889 pluvialia

178 910 278 975 posse
298 889 378 975 quin
408 890 644 975 exspectationi
667 896 798 957 nostrae
827 888 1023 972 respondeat
1044 885 1157 953 Domi·
1205 891 1309 954 oestro
1328 892 1491 969 exsuperet
1511 889 1546 954 ιἰι
1636 889 1642 902 ’
1704 888 1832 955 Ieaade
1847 909 1905 970 are,
1921 909 1983 972 per
1997 909 2101 958 ιιιιιιιι
2114 912 2189 958 rar·

183 997 254 1055 nu,
283 994 368 1061 quaa
388 974 519 1060 quidam
546 977 582 1042 in
605 975 705 1042 verbo
732 995 792 1042 suo
814 975 950 1040 lundata
976 975 1029 1040 sit
1074 973 1157 1039 Pro·
1207 992 1264 1040 ιιιι
1284 973 1448 1040 adorabam
1469 974 1514 1040 aa
1533 993 1598 1041 aaa.

182 1061 414 1129 minitantem
442 1082 478 1128 se
510 1082 678 1145 nunquam
711 1060 901 1128 defuturum
933 1059 1026 1126 nabis
1058 1059 1156 1125 etiam

183 1148 269 1215 iuter
289 1146 401 1213 omnia
421 1154 595 1226 tormenta,
616 1148 645 1214 si
667 1146 797 1231 quando
818 1166 970 1213 vooemor
991 1144 1032 1210 ad
1054 1145 1158 1211 nomi·
1294 1143 1347 1212 22.
1383 1143 1471 1226 Quod
1497 1146 1529 1210 si
1553 1145 1664 1212 umere.
1709 1144 1993 1226 Quemadmodum
2022 1146 2188 1232 desperati

184 1231 233 1299 nia
254 1234 307 1299 sui
328 1232 576 1333 ugnieesionam.
613 1231 757 1318 Sparent
770 1233 881 1316 itaque
895 1229 992 1297 Pauli
1007 1230 1159 1315 exemplo
1210 1229 1358 1330 homines
1373 1229 1525 1331 perplexi
1541 1243 1620 1296 snut
1633 1229 1818 1297 debeantue
1832 1233 1942 1330 'uitam
1959 1233 2091 1317 tongins
2111 1254 2188 1317 pro·

183 1317 796 1485 mmumggufiztpotggpfievussmm
810 1410 848 1468 ut
872 1400 1033 1485 sperande
1051 1401 1160 1467 earnis
1210 1318 2187 1487 ii'agbrirtiblvbnrlsbeil’bsirltisnaiiebniefiab'tiiiuwabsinitirianriita'ti

184 1489 274 1575 ratis¹
297 1511 502 1574 nequaquam
524 1490 710 1576 indulgeat:
741 1488 797 1556 eod
824 1508 915 1572 spem
945 1509 1038 1553 auam
1061 1487 1159 1552 subii·
1210 1497 1348 1552 mortem
1377 1508 1475 1570 quam
1503 1487 1543 1551 ad
1574 1488 1676 1553 vitam
1706 1501 1859 1572 paratum
1887 1511 1959 1557 esse
1987 1489 2075 1568 didit,
2108 1492 2188 1574 qaia

184 1574 249 1642 siat
274 1574 339 1641 Dei
372 1575 588 1659 promissioni.
643 1574 1008 1661 Magniiieabitur,
1042 1573 1158 1657 iuquit,
1209 1573 1381 1655 utriusque
1402 1572 1544 1639 eonditiu
1567 1575 1660 1638 beata
1681 1574 1727 1640 sit
1749 1575 1910 1659 fidelihus,
1936 1585 1974 1642 ιιι
1995 1575 2036 1641 de
2058 1579 2191 1659 optione

184 1660 388 1728 curtatus
416 1662 457 1726 in
480 1682 653 1745 eorpore
675 1682 779 1744 meo,
808 1661 896 1727 sive
918 1659 1158 1740 pervitam,
1209 1657 1365 1742 ambigat.
1399 1656 1444 1724 Si
1474 1678 1627 1741 operae
1655 1660 1835 1742 pretium
1866 1671 1947 1739 eet,
1976 1661 2040 1728 hoa
2069 1672 2131 1746 est,
2158 1663 2188 1728 si

183 1744 276 1814 sive
298 1765 369 1829 per
391 1757 570 1812 mortem.
626 1748 822 1830 Quamquam
841 1745 1028 1812 nominatim
1048 1764 1160 1826 ιονριιι
1211 1744 1294 1809 mihi
1315 1754 1441 1810 eonstet
1462 1745 1565 1810 maior
1581 1746 1667 1810 ritae
1688 1750 1920 1812 meaelruotus
1935 1766 2032 1830 quam
2057 1749 2189 1814 mortis:

183 1832 369 1915 massa,
397 1831 554 1916 aptificat
580 1835 662 1899 inter
682 1833 855 1906 aenamiaa
883 1832 965 1897 vitae
980 1831 1159 1913 praesaaa's
1211 1851 1275 1895 non
1299 1830 1393 1895 video
1416 1840 1525 1894 utrum
1548 1829 1683 1896 debeam
1713 1847 1914 1916 praeoptare.
1959 1833 2118 1899 Vivere
2148 1834 2190 1899 in

183 1936 216 1985 aa
235 1917 275 1983 as
295 1937 439 1985 tumetra
459 1918 588 1984 minime
608 1938 674 1984 esse
694 1917 833 1984 dubiam.
872 1917 957 1982 Nam
977 1915 1017 1980 da
1040 1916 1101 1982 han
1123 1937 1159 1981 re
1210 1933 1336 1981 oarne
1365 1936 1425 1997 per
1446 1922 1670 1999 oontemptnm
1693 1918 1814 2001 poenit,
1846 1918 1988 1984 maioris
2009 1919 2091 1985 vitae
2111 1937 2190 1986 aam-

183 2002 262 2068 iaati
284 2023 397 2068 sumus
420 2024 440 2068 a
461 2002 534 2069 Deo
560 2005 723 2070 certiores.
768 2004 859 2086 Ergo
888 2002 916 2068 si
945 2002 1086 2084 expositi
1118 2000 1158 2066 ad
1205 2001 1383 2084 paratam.

184 2086 248 2153 Dei
270 2087 454 2169 arbitrium,
475 2100 508 2153 et
525 2089 611 2155 idem
636 2091 793 2154 habentes
815 2090 850 2153 in
869 2089 939 2154 vita
960 2090 1159 2170 propositum
1296 2087 1349 2153 23.
1381 2085 1525 2153 Ooarator
1552 2087 1644 2154 euim.
1688 2087 1763 2153 Non
1797 2087 1863 2153 alia
1894 2088 2043 2155 meronda
2077 2091 2192 2158 vivere

182 2172 268 2257 quod
291 2173 425 2253 Paulus,
456 2174 582 2240 ialiaem
604 2174 728 2240 exitum
751 2194 943 2259 quoeunque
969 2173 1064 2238 modo
1086 2195 1158 2256 spe·
1210 2172 1345 2255 optabat
1374 2172 1508 2251 Paulus,
1539 2192 1638 2256 quam
1667 2181 1705 2238 ut
1736 2175 1876 2239 serviret
1909 2174 2033 2241 charri
2066 2175 2192 2259 gloriae

182 2277 312 2326 mmus:
340 2280 408 2325 non
431 2260 573 2342 amplius
595 2261 778 2325 timendum
794 2260 857 2325 erit
873 2259 1007 2341 nequid
1031 2258 1158 2324 adversi
1211 2271 1246 2322 et
1267 2257 1422 2324 iratribus
1451 2258 1628 2341 prodesset.
1672 2258 1816 2324 Proinde
1845 2281 1951 2343 neque
1979 2261 2077 2326 aliam
2100 2263 2193 2327 utili·

183 2346 325 2413 eveniat.
369 2344 455 2410 Nam
485 2347 513 2410 si
546 2346 593 2411 illi
628 2347 769 2412 vivimus
802 2351 837 2409 et
867 2346 1044 2409 morimur:
1074 2343 1160 2409 illius
1211 2353 1313 2409 tatem
1335 2357 1464 2426 reputat
1485 2345 1519 2410 iu
1543 2347 1611 2410 rita
1633 2365 1730 2428 quam
1766 2346 1905 2410 fratrum
1929 2346 2079 2413 salutem.
2117 2345 2191 2414 Sibi

183 2450 298 2498 murus
327 2430 363 2496 in
391 2431 462 2497 vita
491 2440 525 2497 et
555 2434 589 2497 in
612 2446 726 2512 marte,
755 2430 851 2498 Rom.
876 2430 926 2511 14,
949 2429 979 2495 8.
1024 2429 1160 2495 Modum
1212 2443 1320 2494 autem
1344 2430 1497 2513 privatim
1521 2431 1723 2496 maliusesse
1744 2432 1894 2515 agnoseit
1915 2431 1980 2498 aito
1994 2433 2089 2516 mori,
2111 2435 2191 2515 quia

183 2516 341 2669 2ιὲῒῆ
358 2515 767 2687 tll⁸‘.¹.,lt.tl⁶ltltl
788 2516 1161 2685 teletttttltl:
1213 2515 1759 2683 {littttltlhtithei*
1780 2518 1930 2669 ttllt
1951 2517 2191 2671 {stilti

176 2698 219 2754 et
239 2689 411 2755 extenuari
441 2654 669 2774 quantumin
701 2688 794 2755 uobis
815 2698 878 2771 est,
910 2708 1009 2771 quum
1044 2687 1161 2752 timore
1213 2687 1354 2753 terrenis
1376 2688 1495 2770 agitur,
1524 2686 1581 2753 ead
1604 2686 1644 2751 de
1666 2688 1828 2771 spirituali
1848 2687 1941 2773 buno,
1964 2689 2050 2773 quod
2073 2690 2192 2755 merito

183 2772 388 2841 labasuimue.
433 2775 488 2840 An
514 2776 617 2860 igitur
638 2796 694 2841 eos
721 2794 786 2840 nou
808 2774 918 2857 pudet,
945 2773 1061 2857 quibus
1089 2771 1162 2837 leve
1214 2773 1277 2856 piie
1299 2792 1505 2857 summopere
1525 2772 1668 2857 optabile
1697 2782 1756 2839 eat.
1801 2774 1924 2841 Paulus
1952 2784 2064 2840 tamen
2092 2774 2190 2859 quasi

185 2858 340 2925 deliatum
363 2858 494 2926 ridetur
515 2861 550 2925 in
575 2861 778 2927 oonlessioue
800 2861 949 2925 veritatis
964 2857 1160 2942 trepidatio?
1213 2859 1264 2924 aui
1287 2858 1416 2937 oblitus,
1440 2879 1505 2924 non
1520 2864 1650 2924 tantum
1673 2881 1708 2925 ae
1723 2857 1867 2925 medium
1882 2862 2035 2941 eontinet,
2058 2881 2100 2927 ne
2115 2862 2190 2942 plus

184 2942 253 3011 Sed
275 2954 334 3028 qul
355 2944 503 3029 puderet,
530 2966 632 3030 quum
654 2945 734 3012 adeo
755 2945 823 3011 sint
844 2945 1021 3030 prostituta
1042 2945 1161 3022 fronte,
1214 2944 1248 3009 in
1277 2966 1372 3011 suum
1402 2965 1498 3028 quam
1528 2944 1788 3029 Philippensium
1817 2945 1939 3012 bonum
1970 2945 2191 3030 propendeat:

184 3034 224 3095 ιιι
243 3030 494 3117 abnegationem
516 3052 644 3118 quoqne
666 3051 823 3100 exausare
845 3031 1011 3096 audeant?
1050 3028 1163 3112 Addit,
1214 3029 1271 3095 aad
1300 3029 1433 3097 tandem
1465 3030 1638 3107 eonaludit,
1666 3031 1813 3114 ipsorum
1841 3032 2000 3098 rationem
2030 3034 2064 3097 in
2093 3032 2190 3098 eorde

186 3115 526 3200 quemadmodum
555 3138 738 3203 semper:
769 3125 848 3182 uta
875 3116 1062 3199 praeteritis
1086 3135 1162 3200 gra·
1214 3136 1274 3181 suo
1304 3114 1572 3199 praeponderare.
1615 3116 1691 3183 Han
1717 3116 1840 3184 soilioet
1868 3139 1947 3183 vere
1973 3126 2025 3184 est
2054 3117 2192 3184 Obristo

185 3201 251 3268 tiae
285 3202 348 3268 Dei
381 3204 614 3287 experimentis
647 3204 744 3271 fidem
777 3221 871 3269 auam
903 3200 1083 3283 stabiliant,
1116 3202 1163 3267 ita
1215 3204 1327 3267 vivere
1349 3212 1382 3267 et
1403 3202 1495 3279 mori,
1517 3222 1621 3286 quum
1641 3202 1736 3268 nobis
1757 3201 1953 3286 posthabitis
1970 3203 2106 3269 terimur
2126 3223 2192 3289 qao

186 3282 283 3353 Rara.
305 3287 338 3369 b,
359 3288 391 3357 4,
413 3291 561 3372 probatio
582 3309 674 3373 spem
698 3289 793 3373 parit.
1215 3307 1276 3353 nos
1298 3287 1451 3354 Obrietue
1473 3299 1569 3354 vauat
1590 3309 1628 3355 aa
1649 3288 1805 3371 rapimur.

272 3373 325 3441 21.
348 3373 437 3440 astte·
457 3377 541 3442 ιιιιιιι
560 3375 697 3442 monada
738 3374 915 3440 -Haotanus
934 3373 1023 3440 huno
1045 3373 1163 3453 laeum,
1302 3371 1439 3456 Oupiettu
1458 3373 1589 3441 absolui
1608 3377 1638 3439 et
1664 3392 1730 3440 ease
1753 3392 1825 3440 ιιιιιι
1847 3371 1981 3441 &aaa
2025 3373 2192 3443 Ooniuoo·

187 3478 262 3524 meo
283 3458 414 3541 iudidio,
442 3462 528 3526 male
552 3469 726 3528 verterunt
746 3470 781 3525 at
809 3469 1035 3545 exposuerunt
1060 3460 1163 3526 inter·
1214 3460 1274 3525 tim
1296 3459 1436 3544 legenda
1455 3468 1534 3525 aunt
1555 3459 1636 3528 baeu
1654 3460 1727 3526 dno.
1771 3459 1837 3526 Par
1851 3480 1887 3526 sa
1901 3461 1989 3526 enim
2005 3480 2093 3526 mors
2107 3482 2194 3528 nun·

186 3553 306 3627 pratea.
351 3543 409 3613 Sia
429 3546 519 3613 anim
533 3545 765 3634 distinguant:
788 3545 874 3628 qnod
890 3542 1045 3612 Christus
1066 3545 1165 3611 luerit
1215 3565 1312 3629 quam
1335 3554 1516 3628 expetatur,
1544 3546 1622 3630 quia
1649 3553 1777 3630 pugnat
1806 3546 1869 3612 hoa
1897 3544 2093 3613 desiderium
2115 3565 2194 3614 oum

186 3630 293 3698 Paulo
314 3630 394 3711 vita,
416 3640 450 3698 et
471 3651 561 3698 mors
582 3631 720 3700 luorum.
764 3631 837 3716 ligo
859 3641 968 3696 antem
992 3630 1163 3699 Obrietnm
1215 3651 1315 3697 sensu
1337 3642 1489 3697 naturae:
1518 3631 1576 3698 ssd
1605 3634 1773 3715 expetitur
1801 3639 1935 3716 propter
1964 3651 2105 3711 eausam,
2138 3631 2194 3699 rel

183 3717 405 3871 &sitit
424 3717 575 3888 iiiiii
596 3716 1165 3887 tttlhltttllttlttt‘
1215 3717 1893 3871 tltt‘tlthittulttttltl
1908 3718 2195 3890 thtlltssltlt

187 3887 327 3957 (drasois
364 3890 453 3954 enim
488 3889 624 3976 vulgara
660 3897 721 3969 est,
758 3886 935 3956 subaudire
967 3889 1164 3974 partioulam
1216 3888 1366 3955 liberatio
1392 3899 1443 3955 est
1467 3909 1488 3954 a
1516 3890 1650 3957 seruitio
1670 3891 1795 3974 peaoati
1823 3896 1858 3955 at
1884 3892 2043 3958 transitus
2073 3891 2107 3956 in
2140 3911 2194 3958 rs·

186 3973 277 4061 opta
321 3974 558 4059 Praeterquam
578 3984 696 4042 autem
719 3971 805 4059 qnod
834 3974 890 4040 hia
917 3994 1034 4041 sensus
1057 3976 1165 4041 minus
1216 3995 1320 4059 gnum
1340 3975 1515 4041 eoelornm.
1557 3975 1633 4043 Hae
1660 3975 1818 4060 estquod
1844 3997 1933 4043 nuno
1958 3976 2039 4043 dioit
2059 3976 2197 4061 Paulus,

187 4071 241 4128 ast
272 4071 412 4146 maome,
444 4062 542 4127 etism
575 4061 693 4127 malins
725 4059 879 4127 oobasrst
909 4079 986 4127 eum
1016 4061 1166 4145 proxima
1217 4062 1324 4146 Onpio
1346 4061 1441 4139 mori,
1467 4061 1544 4146 quia
1571 4061 1635 4129 hoa
1662 4060 1755 4127 mado
1785 4064 1974 4145 perveniam
2004 4063 2047 4130 ad
2069 4062 2199 4130 Christi

186 4147 353 4214 natantia
373 4156 407 4212 et
428 4145 608 4231 pleniorem
632 4145 780 4230 eontinet
801 4145 992 4212 doetrinam.
1027 4145 1165 4213 Indiffe·
1217 4147 1488 4213 aoniunotionem.
1532 4147 1665 4213 Interea
1679 4166 1746 4213 non
1761 4146 1915 4214 desinunt
1929 4148 2042 4216 fideles
2057 4161 2197 4215 mortam

180 4251 265 4314 rens
287 4232 348 4298 sihi
370 4252 442 4299 asse
463 4244 497 4298 et
518 4232 553 4297 in
576 4252 679 4316 aequo
699 4233 851 4312 affirmat,
876 4232 1009 4299 vivatne
1029 4253 1072 4298 an
1094 4252 1166 4298 mo·
1217 4232 1370 4298 horrere:
1391 4231 1448 4299 sed
1463 4252 1566 4317 quum
1581 4234 1692 4299 oeulos
1713 4242 1912 4301 eonvertnnt
1925 4235 1967 4300 ad
1985 4237 2087 4301 vitam
2104 4234 2198 4300 illam

187 4315 489 4402 flaturi-quoniam
512 4317 682 4386 Christum
710 4318 844 4395 habens,
875 4326 1053 4403 utrumqne
1075 4318 1166 4384 luero
1218 4337 1300 4402 quas
1323 4328 1461 4384 mortam
1483 4320 1640 4404 sequitur,
1668 4320 1893 4385 eonsolutione
1921 4321 1987 4387 ieta
2008 4320 2104 4387 laaile
2125 4321 2198 4388 vin·

144 4410 342 4489 ·-·apponat·
385 4404 431 4470 llt
458 4412 546 4471 uerte
568 4424 654 4495 unae
675 4414 727 4470 est
748 4402 912 4488 Obristus,
946 4405 1000 4488 qui
1031 4413 1098 4470 tam
1129 4403 1164 4470 in
1217 4415 1296 4470 eant
1318 4403 1534 4472 formidinem.
1577 4404 1677 4472 carte
1698 4407 1846 4489 quisquis
1874 4406 1909 4470 in
1931 4405 2103 4472 Christum
2124 4427 2199 4474 ora·

178 4500 295 4557 morte
324 4510 423 4574 qnam
451 4490 488 4554 in
519 4489 586 4556 rita
614 4508 676 4556 naa
702 4490 780 4556 lauit
807 4486 929 4557 beatos.
973 4489 1108 4574 Alioqui
1136 4489 1166 4555 si
1217 4489 1276 4568 dit,
1298 4489 1345 4554 ita
1366 4490 1463 4556 debet
1484 4512 1554 4559 esse
1575 4492 1749 4569 animatus,
1771 4502 1810 4557 ut
1831 4491 1873 4556 ad
1889 4493 2090 4558 mentionem
2112 4512 2199 4560 mur·

188 4594 279 4642 nors
299 4576 430 4656 misera,
459 4577 529 4642 vita
552 4574 654 4641 nihilo
676 4575 809 4642 ielinior.
854 4575 947 4641 Adeo
973 4586 1011 4642 ut
1032 4575 1165 4641 diffieile
1218 4576 1260 4641 tia
1281 4587 1380 4660 eaput
1400 4576 1540 4656 attollat,
1573 4577 1679 4644 laetus
1704 4578 1821 4643 nuntio
1850 4597 1929 4643 snae
1951 4578 2198 4664 redemptionis.

177 4660 233 4727 ait
249 4658 514 4740 delinireextra
530 4660 702 4728 Christum
720 4661 807 4728 sitne
828 4663 910 4727 mori
931 4661 1044 4727 utilius
1067 4681 1165 4745 quam
1217 4660 1314 4728 Unde
1329 4672 1466 4746 apparet
1487 4684 1584 4747 quam
1601 4663 1697 4728 malti
1719 4665 1785 4729 aiut
1800 4663 1898 4729 titulo
1920 4673 2018 4731 tenus
2033 4664 2199 4731 duntaxat

189 4746 313 4814 viveres
342 4748 504 4813 Rursum
534 4745 619 4813 adsit
640 4747 802 4825 Christus,
830 4756 864 4814 et
892 4748 993 4813 vitam
1017 4757 1165 4813 nostram
1217 4746 1412 4830 Christiani,
1440 4748 1572 4831 quando
1603 4750 1707 4814 maior
1734 4756 1821 4831 pdre,
1851 4749 1964 4815 audito
1994 4753 2109 4817 mortis
2139 4771 2198 4817 uu·

179 4831 327 4915 perinde
347 4852 387 4900 an
408 4843 545 4898 mortem
570 4833 755 4900 benediuet:
786 4837 824 4898 ut
846 4835 889 4899 sit
909 4844 1050 4917 utraque
1071 4833 1165 4899 nobis
1217 4832 1315 4912 mine,
1339 4833 1473 4916 perinde
1486 4855 1525 4901 ao
1546 4835 1574 4900 ei
1596 4834 1724 4900 nullum
1743 4854 1886 4918 unquam
1909 4836 1950 4901 de
1965 4835 2100 4903 Obriato
2121 4856 2198 4902 ver·

188 4918 297 4985 ιιιιιι
316 4928 351 4985 ιι
372 4918 563 5002 expetenda.
1218 4918 1330 4985 bulum
1353 4918 1531 4998 audissent,
1555 4941 1620 4986 non
1639 4919 1734 4985 modo
1756 4931 1992 5003 expaveeount,
2014 4922 2072 4987 sed
2094 4941 2197 5006 prope

498 5039 499 5049 .
1217 5004 1402 5070 redduntur
1422 5005 1601 5072 exanimes.
1644 5004 1782 5072 Obana
1802 5008 2011 5084 ounsoisntia,
2035 5016 2199 5090 quantum

274 5090 327 5156 22.
349 5091 442 5173 Quod
461 5092 493 5156 ei
513 5092 615 5156 aiom
637 5091 671 5155 ia
691 5109 786 5156 aurae
807 5092 1066 5173 operaepretium
1087 5089 1167 5156 mihi
1217 5089 1321 5175 polles
1344 5111 1383 5157 aa
1405 5092 1511 5158 valasl
1556 5093 1671 5158 Bonae
1698 5103 1807 5156 autem
1836 5093 2054 5159 ounsoisntiaa
2080 5092 2201 5160 funda·

188 5181 250 5242 eat:
284 5178 379 5244 diam
407 5177 484 5260 qaid
513 5176 629 5259 elipam
656 5176 775 5260 ipaoro.
823 5176 875 5241 23.
907 5176 1054 5243 Caarator
1084 5179 1167 5244 enim
1217 5188 1369 5247 mentam
1393 5187 1443 5244 eet
1462 5179 1561 5245 fidae:
1583 5180 1649 5243 imo
1663 5179 1736 5261 ipsa
1757 5187 1806 5243 est
1828 5180 2043 5246 ounsoientiae
2059 5179 2200 5244 bonitas.

188 5283 228 5328 eo
248 5263 377 5347 aratra,
398 5263 527 5346 aspirat
540 5261 672 5329 dissolvi
693 5264 804 5354 stesso
818 5281 896 5337 ,eam
912 5263 1051 5330 Obriata:
1071 5263 1167 5330 multo
1305 5264 1464 5336 Dissolvi.
1509 5263 1659 5333 Notauda
1680 5272 1730 5329 est
1750 5262 1833 5330 haee
1853 5263 2011 5349 loquutio.
2055 5265 2204 5331 Mortem

286 5380 399 5440 oalotat
412 5396 508 5452 opera.
538 5379 600 5438 vot
614 5376 687 5436 m.
1963 5381 1982 5435 2
