4740 6016
176 393 242 462 tta
605 387 751 458 aneu.
774 386 917 457 PAULI
938 386 1005 455 AD
1028 386 1505 458 mustuomoltuslts
1527 388 1545 454 1
1567 388 1716 458 cleos
1738 388 1782 461 V.
2135 389 2202 460 180

178 593 293 660 >ditum
323 596 383 670 est,
412 592 450 653 ut
480 585 623 653 edamus
652 602 813 668 quaenam
836 586 880 649 sit
902 584 1003 650 totius
1024 583 1168 653 bominis
1221 585 1321 651 totius
1349 583 1493 651 bominis
1521 583 1701 652 eustadium
1731 593 1765 650 et
1792 584 1938 651 omnium
1960 586 2032 653 eius
2053 588 2200 670 partium

183 672 415 746 sanotitioatio:
447 691 567 755 nempe
595 689 698 755 quum
728 668 800 755 ipse
828 668 955 753 spiritu,
996 669 1106 736 anima
1134 679 1168 737 et
1220 671 1267 737 ita
1289 670 1361 736 Deo
1390 669 1599 737 sommendat
1620 669 1755 751 Paulus,
1784 670 1861 736 inde
1892 669 2110 757 eolligendum
2138 681 2201 754 eat¹

184 781 320 846 eorpere
348 760 486 843 integer,
515 756 568 824 vel
599 776 703 841 purus
732 777 771 823 ao
800 754 991 839 impollutus
1016 763 1168 823 servatur
1220 776 1282 821 nos
1313 756 1495 823 innumeris
1524 756 1678 839 perieulis
1708 776 1780 823 esse
1808 757 1983 842 expositos,
2016 756 2082 826 nisi
2112 758 2202 827 illius

184 866 288 930 usqne
319 844 360 912 ad
390 845 474 911 diem
498 842 634 910 Christi.
680 840 769 923 Quia
798 850 908 908 summ
937 850 1107 924 nunquam
1132 843 1167 908 in
1220 841 1326 908 tutela
1347 861 1407 908 nos
1429 849 1625 926 protegeret.
2194 890 2198 895 .

182 932 247 999 bao
276 931 346 998 vita
370 936 502 1004 ,onustat
531 936 625 994 tanta
654 927 840 1012 integritas,
870 925 1013 1011 qnotidie
1043 926 1166 1010 aliquid
1306 927 1359 995 24.
1390 925 1515 994 Fidelis
1545 928 1601 1011 qai
1632 947 1687 994 eos
1719 929 1847 996 mett.
1898 927 2002 996 Siouti
2035 929 2204 1015 preeundo

183 1017 260 1085 addi
284 1016 325 1084 ad
348 1017 535 1101 puritatem,
556 1020 592 1080 et
613 1034 656 1080 ex
678 1012 829 1080 sordibus
851 1013 974 1097 aliquid
996 1013 1168 1098 repurgari
1221 1019 1358 1080 testatus
1386 1021 1438 1078 est
1467 1021 1625 1097 quantam
1654 1013 1694 1079 de
1723 1014 1828 1080 salute
1857 1014 2204 1084 Tbessslonieensium

182 1103 351 1187 eonvenit,
373 1101 531 1186 quamdiu
553 1101 588 1166 in
609 1100 734 1166 mundo
756 1099 910 1166 vivimus.
942 1098 1097 1165 Notands
1119 1106 1169 1168 ost
1221 1119 1332 1167 euram
1360 1098 1513 1166 baberet:
1543 1099 1590 1164 ita
1612 1117 1700 1165 nune
1721 1099 1757 1166 in
1780 1099 1899 1167 fiduda
1921 1100 2054 1168 divinae
2074 1102 2203 1187 gratiae

182 1198 295 1258 autem
322 1187 405 1255 haee
426 1186 571 1253 bominis
592 1185 744 1271 partitio:
774 1205 852 1252 nam
873 1183 1050 1269 aliquando
1071 1185 1169 1252 bomo
1221 1204 1277 1251 sos
1319 1186 1501 1252 confirmat.
1559 1182 1710 1251 Observa
1752 1195 1861 1252 autem
1901 1206 1965 1269 qno
2004 1196 2201 1272 argumento

183 1273 379 1361 simplieitsr
411 1292 546 1373 eorpore
579 1278 613 1339 et
643 1271 755 1338 anima
783 1276 933 1338 eonstare
960 1269 1097 1336 dieitur:
1130 1289 1169 1337 ae
1221 1278 1416 1356 perpetuum
1455 1270 1522 1337 illis
1558 1269 1623 1337 Dei
1659 1270 1819 1338 auxilinm
1855 1273 2044 1357 promittat:
2082 1292 2203 1359 nempe

184 1370 265 1428 tuno
294 1359 405 1427 anima
431 1358 586 1443 spiritum
608 1357 826 1424 immortalem
850 1354 1025 1457 signifieat,
1053 1355 1168 1440 quiin
1221 1357 1299 1507 guia
1322 1377 1378 1424 ees
1400 1357 1540 1423 eeoavit.
1566 1355 1712 1438 *Quibus
1734 1355 1846 1424 verbis
1867 1357 2042 1444 signifieat,
2065 1378 2202 1443 speran-

185 1466 320 1532 oorpore
353 1443 480 1511 habitat
514 1452 674 1527 tauquam
706 1442 743 1508 in
777 1441 950 1509 domiorlio.
1002 1440 1168 1522 Quoniam
1244 1463 1297 1509 am
1334 1462 1405 1509 essa
1438 1442 1563 1527 gratiae
1596 1442 1890 1525 eontinuationem,
1926 1464 1969 1510 ex
2003 1465 2068 1528 quo
2099 1443 2203 1512 eamd

184 1539 296 1600 autem
325 1531 410 1597 dnae
438 1529 632 1614 praeeipuae
655 1538 734 1595 sunt
756 1528 885 1595 animae
906 1526 1086 1606 iaoultates,
1116 1528 1168 1593 in·
1221 1527 1385 1594 Dominus
1412 1547 1474 1594 nos
1501 1526 1563 1593 sibi
1590 1528 1626 1594 in
1648 1528 1734 1596 filios
1755 1529 1931 1612 oooptavit.
1976 1530 2090 1614 Neque
2111 1531 2202 1598 enim

184 1617 337 1684 tellsotus
367 1625 401 1682 et
427 1615 600 1683 veluntas:
629 1615 792 1698 seriptura
819 1613 986 1680 interdum
1016 1613 1169 1680 distinete
1221 1615 1318 1680 unius
1341 1613 1404 1680 diei
1426 1635 1462 1680 se
1484 1622 1609 1698 patrem
1633 1614 1727 1681 nobie
1748 1613 1817 1681 iore
1837 1614 2027 1700 pollioetur:
2058 1614 2117 1683 sed
2137 1616 2202 1684 bae

184 1703 268 1770 baeo
290 1703 355 1768 duo
378 1720 501 1786 ponere
519 1701 611 1784 solet,
634 1719 736 1785 quum
751 1701 936 1785 exprimere
951 1697 1025 1764 vult
1040 1699 1169 1765 animae
1221 1700 1294 1785 lege
1326 1719 1387 1766 nos
1419 1697 1561 1783 adoptat,
1594 1709 1632 1767 ut
1663 1711 1821 1785 perpetuo
1854 1720 1913 1767 nos
1942 1702 2060 1769 foveat.
2110 1701 2204 1789 Ergo

182 1791 255 1889 vim
268 1807 307 1855 se
321 1793 493 1888 naturam:
516 1786 574 1853 sed
591 1797 676 1887 tuno·
696 1786 808 1888 anima
824 1803 885 1887 pro
901 1784 977 1851 sede
991 1784 1168 1850 affeetuum
1222 1785 1350 1852 voeatio
1386 1785 1608 1852 testimonium
1646 1787 1740 1852 nobis
1776 1795 1929 1853 aeternae
1964 1789 2091 1872 gratiae
2130 1807 2203 1890 esse

184 1879 570 2026 delebiliter}
597 1879 916 2041 :tittttttttt
937 1870 1046 2056 diii
1067 1889 1169 2022 titt
1222 1871 2204 2044 itt:tet:,⁰''tdtttt‘ttttttttttttsstt

184 2064 273 2123 nem,
304 2043 360 2111 vel
389 2042 661 2129 intelligentiam:
692 2044 775 2109 siout
804 2044 934 2109 animae
956 2062 1090 2107 nomine
1112 2040 1167 2106 de·
1222 2063 1287 2108 non
1310 2051 1446 2109 externa
1467 2043 1564 2108 modo
1586 2043 1827 2127 praedieatione
1849 2046 1956 2112 vooati
1978 2046 2122 2129 fueram,
2143 2043 2203 2113 sed

186 2130 338 2214 signatur
359 2129 515 2195 voluntas
537 2137 570 2194 et
591 2149 705 2196 omnes
727 2127 873 2196 effeetus.
915 2125 992 2195 Seio
1014 2147 1034 2191 a
1056 2127 1170 2193 multis
1223 2129 1397 2195 eifioaoiter
1425 2127 1557 2194 inerant
1585 2128 1761 2196 aObristo
1783 2131 1824 2196 ad
1847 2139 1973 2216 patrem
1995 2130 2136 2209 adduoti,
2165 2137 2205 2197 nt

185 2235 281 2284 saeua
317 2216 438 2299 exponi
475 2214 571 2280 Pauli
608 2213 726 2281 verba:
763 2233 840 2280 uam
876 2213 1022 2280 animam
1058 2214 1169 2279 vooari
1223 2223 1333 2280 essent
1354 2233 1396 2279 ex
1418 2213 1558 2280 filiorum
1580 2235 1726 2283 numero.
1764 2215 1816 2282 De
1837 2215 1989 2302 osoulo,
2013 2226 2051 2282 nt
2066 2217 2206 2285 solenne

185 2308 305 2387 putant
334 2307 461 2366 motum
484 2299 637 2367 vitalem:
668 2298 819 2383 spiritum
842 2319 929 2382 vero,
960 2306 1089 2383 partem
1111 2298 1169 2364 ho·
1223 2299 1287 2366 init
1317 2299 1522 2366 salutationis
1549 2301 1744 2384 symbolum,
1774 2300 1851 2367 alibi
1880 2301 2005 2369 dietum
2035 2311 2094 2370 est.
2138 2301 2205 2370 His

185 2387 286 2454 minis
315 2395 525 2486 renovatam:
555 2386 646 2468 atqui
676 2394 756 2451 tuno
785 2384 926 2485 absurda
955 2389 1043 2451 esset
1071 2384 1170 2451 Pauli
1224 2393 1332 2452 autem
1364 2384 1474 2451 verbis
1508 2404 1604 2451 suum
1636 2406 1714 2472 erga
1747 2395 1879 2454 sanetos
1912 2407 2025 2454 omnes
2057 2407 2205 2455 amorem

186 2480 364 2625 {diddddm
388 2471 632 2641 Idiedideqddddns
652 2475 1031 2656 luendaisuosndtidirtoeoddidd
1056 2490 1170 2637 ditionii,
1224 2470 1376 2656 sastago.
1390 2555 1519 2623 Adiuro
1550 2576 1604 2624 uos
1627 2577 1688 2640 per
1715 2557 1900 2626 Dominum.
1951 2558 2117 2627 Insertum
2149 2567 2203 2627 est

188 2645 313 2711 Anima
341 2663 416 2712 mea
439 2642 640 2712 desiderauit
662 2647 696 2708 te
718 2651 821 2720 noete,
851 2643 984 2726 spiritns
1014 2662 1109 2706 meus
1138 2651 1170 2707 te
1225 2643 1414 2709 timuentne
1431 2640 1531 2727 (quod
1553 2663 1650 2727 saepe
1671 2644 1803 2732 aooidit)
1824 2665 1867 2710 ne
1885 2646 2021 2729 maligni
2038 2666 2076 2711 ao
2091 2644 2200 2712 invidi

188 2748 227 2798 oo
252 2729 361 2796 tavit:
400 2749 497 2794 nemo
535 2728 665 2794 dubitat
701 2729 780 2812 quin
816 2727 856 2793 de
888 2726 1107 2813 intelligentia
1137 2731 1172 2792 et
1224 2728 1374 2794 homines
1389 2727 1559 2810 epistolam
1575 2730 1829 2813 supprimerent:
1845 2751 1889 2797 an
1904 2730 2204 2814 eliudpraeeavere

188 2836 209 2882 a
236 2825 310 2882 eetu
339 2834 401 2882 sno
423 2813 586 2899 loquatur,
616 2823 714 2897 atque
737 2815 784 2879 ita
805 2813 887 2880 deas
909 2813 1039 2879 animae
1061 2821 1170 2897 partes
1224 2814 1368 2880 voluerit
1400 2814 1594 2896 perieulum,
1627 2836 1670 2879 ne
1703 2835 1858 2897 perversa
1889 2816 2094 2901 quorundam
2123 2838 2204 2900 prn-

188 2908 379 2968 enumeret:
408 2900 522 2967 eodem
546 2921 645 2966 sensu
668 2903 703 2965 iu
727 2898 860 2983 psalmis
882 2900 1065 2984 iunguntur
1088 2899 1171 2965 duae
1225 2900 1336 2965 dantia
1358 2908 1392 2965 et
1414 2901 1563 2966 oautione
1586 2902 1810 2968 eontineretur
1838 2902 1926 2968 inter
1942 2923 2072 2986 pauoos.
2110 2900 2205 2969 Sem-

189 2988 273 3055 istee
306 3007 412 3054 voees.
468 2987 579 3069 Atque
613 2986 675 3052 hoo
707 2985 805 3052 Pauli
838 2986 1021 3053 sententiae
1055 2984 1171 3051 melius
1224 3005 1283 3068 per
1312 2986 1401 3052 enim
1423 2987 1631 3069 reperiuntur
1652 2989 1709 3070 qui
1732 3000 1854 3072 negent
1877 2990 1956 3053 utils
1979 3010 2050 3054 esse
2071 2988 2205 3073 vulgari

188 3072 338 3157 quadrat.
384 3071 557 3153 Quomodo
587 3072 676 3138 enim
705 3078 794 3138 totus
817 3070 915 3137 bomo
936 3073 1074 3156 integer,
1108 3071 1171 3136 nisi
1224 3092 1308 3156 qnae
1341 3071 1463 3154 alioqui
1493 3071 1616 3155 optima
1645 3084 1835 3158 agnosoant.
1888 3073 1986 3141 Oerte
2012 3094 2204 3158 quoeunque

188 3166 509 3310 ttttlttttlt‘
527 3163 711 3310 {libili
728 3158 1073 3312 rettulerit
1089 3157 1171 3308 ‘dd
1224 3157 2202 3331 :tltttlt‘tttttt”ttulitttttt‘blzd

190 3328 331 3412 denique
353 3349 469 3412 eorpus
490 3265 624 3395 nonnisi
645 3331 738 3396 bonis
754 3291 906 3415 operibds
923 3264 1016 3395 duam
1036 3265 1169 3412 epirum
1224 3350 1266 3394 ex
1288 3328 1386 3396 Pauli
1416 3328 1525 3395 verbis
1553 3329 1629 3395 lieet
1657 3265 1756 3413 quam
1786 3332 1871 3398 serio
1893 3266 1926 3396 dt
1948 3332 2065 3398 aeriter
2086 3351 2165 3399 seo

189 3414 475 3498 ministeriumque
493 3414 674 3499 impendit?
707 3416 793 3481 Nem
811 3414 948 3482 iaoultas
963 3414 1170 3500 intelligendi
1223 3423 1333 3498 ponat.
1375 3414 1491 3499 Neque
1519 3415 1607 3482 enim
1637 3435 1690 3481 res
1719 3416 1801 3483 levis
1829 3429 1888 3483 aut
1917 3417 2036 3484 frivola
2064 3429 2117 3484 est
2186 3452 2203 3470 ·

190 3519 211 3566 a
240 3498 443 3584 philosophis
476 3509 630 3585 tanquam
664 3500 795 3567 domina
830 3500 999 3568 statuitur:
1034 3501 1170 3568 effeetus
1222 3501 1343 3567 iuratio
1368 3521 1428 3584 per
1449 3499 1514 3566 Dei
1535 3521 1665 3566 nomen.
1708 3502 1879 3570 Habemus
1900 3503 2019 3586 itaque,
2046 3504 2202 3587 spiritum

188 3593 269 3653 sunt
289 3585 391 3652 medii
410 3585 452 3653 ad
470 3585 716 3672 imperandum:
740 3606 856 3671 eorpus
873 3586 1062 3670 obsequium
1079 3606 1171 3671 prae-
1223 3584 1298 3665 Dei,
1321 3606 1404 3670 qnae
1422 3586 1518 3653 Pauli
1541 3586 1724 3653 ministerio
1745 3588 1780 3653 in
1803 3589 1865 3656 hae
1887 3589 2024 3673 epistola
2046 3588 2202 3674 prodidit,

189 3679 266 3738 stat.
310 3670 472 3740 Videmus
495 3693 584 3740 nuno
605 3693 704 3756 qnam
726 3672 809 3738 bene
827 3673 1027 3739 eonvenient
1046 3673 1168 3737 omnia.
1223 3671 1306 3737 velle
1324 3673 1384 3737 toti
1403 3671 1556 3739 eoelesiae
1574 3673 1742 3756 publioari.
1779 3674 1876 3741 Unde
1893 3684 2039 3759 apparet,
2061 3674 2202 3742 diabolis

189 3758 285 3826 {dune
318 3758 405 3825 enim
438 3778 542 3844 purus
575 3766 609 3825 et
640 3759 768 3843 integer
801 3771 851 3824 est
883 3758 990 3838 bomo,
1024 3758 1052 3824 si
1086 3757 1168 3823 nihil
1221 3776 1352 3842 quoqne
1373 3757 1455 3841 ipsis
1477 3759 1726 3841 praebeatiores
1746 3781 1819 3827 esse
1838 3762 1894 3844 qni
1911 3761 2086 3828 aleotione
2102 3761 2202 3846 serip-

187 3852 301 3912 mente
322 3846 455 3932 oegitat,
478 3844 563 3912 nibil
585 3843 682 3912 oorde
703 3844 837 3929 appetit,
860 3844 943 3910 nibil
960 3862 1095 3928 eorpore
1112 3861 1167 3907 ex·
1221 3855 1328 3910 torum
1343 3842 1441 3910 Pauli
1460 3843 1557 3911 hodie
1578 3845 1735 3929 populum
1754 3844 1819 3912 Dei
1841 3855 1967 3914 areant:
2000 3855 2115 3931 utpote
2139 3846 2197 3932 qui

184 3928 351 4016 seqnitur,
384 3932 450 4000 nisi
481 3930 567 4017 qnod
600 3931 759 4015 probatur
792 3930 875 3997 Deo.
927 3928 1025 4012 Quod
1058 3937 1167 3996 autem
1220 3943 1285 3996 tam
1306 3950 1421 3997 severo
1442 3931 1625 3998 exoreismo
1647 3952 1711 3997 non
1733 3942 1918 3999 moventur.
