4762 6016
561 1406 745 1488 CAPUT
765 1406 797 1488 Ι,
1221 1406 1429 1474 sommendat
1451 1429 1488 1474 aa
1506 1409 1534 1473 si
1553 1412 1639 1475 esest
1659 1409 1743 1477 altar
1759 1412 1838 1496 ipse.
1878 1412 1944 1479 Sed
1959 1415 2015 1498 qui
2032 1416 2204 1483 conveniat

1221 1492 1283 1558 hou
1316 1514 1389 1559 enm
1431 1496 1595 1560 sententia
1624 1496 1764 1562 Christi:
1816 1498 1926 1565 Nolite
1955 1502 2045 1567 robis
2074 1509 2202 1585 patrem

276 1578 304 1644 1.
330 1577 456 1645 Paulus
476 1575 636 1660 apostotus
651 1576 728 1641 Iesu
751 1574 873 1642 Christi
894 1577 1064 1644 seeundum
1086 1579 1168 1645 ordi·
1223 1600 1339 1645 souare
1372 1581 1407 1644 iu
1441 1585 1531 1645 terra
1560 1579 1696 1666 (Matth.
1726 1583 1777 1664 23,
1810 1584 1866 1667 9)?
1921 1584 2006 1650 Item
2040 1609 2113 1653 oum
2146 1588 2204 1655 illo

186 1664 346 1733 notionem
360 1663 426 1731 Dei
446 1662 617 1729 salvatoris
637 1662 746 1745 nostri,
769 1660 944 1729 etDomini
960 1663 1036 1729 Iesu
1052 1662 1170 1730 Christi
1221 1665 1358 1750 apostoli
1393 1666 1579 1731 testimonio
1608 1667 1652 1752 (1.
1682 1668 1757 1735 Cur.
1787 1670 1819 1754 4,
1850 1671 1918 1757 16):
1951 1671 1997 1735 Et
2025 1675 2052 1738 ei
2080 1673 2202 1739 multos

186 1751 256 1836 spei
276 1755 418 1816 nostram
438 1749 469 1814 2.
488 1747 646 1814 Timotheo
659 1767 807 1832 gennano
820 1745 889 1828 titio
903 1749 938 1813 in
957 1748 1029 1830 tide,
1051 1749 1168 1834 pratia,
1222 1750 1351 1816 habetis
1380 1762 1491 1835 patrus
1518 1752 1697 1819 seeundum
1724 1774 1875 1821 earnem:
1905 1778 1991 1822 unus
2019 1765 2130 1824 tamen
2153 1752 2204 1825 est

185 1836 415 1916 misericordia,
432 1854 504 1917 pan
526 1833 630 1899 aDeo
644 1838 739 1915 patre
760 1838 875 1915 nostro,
898 1834 1068 1901 etffltristo
1092 1835 1169 1900 Iesu
1222 1847 1316 1919 pater
1339 1836 1538 1919 spirituum?
1575 1837 1782 1923 Respondes,
1806 1841 1945 1907 Paulum
1962 1843 2009 1907 ita
2023 1842 2085 1909 sibi
2105 1863 2203 1909 usur·

188 1923 315 1990 domina
340 1927 456 1987 nostro.
501 1921 532 1985 3.
558 1919 822 2002 Quemadmodum
850 1921 961 2005 reponi
989 1925 1018 1985 te
1046 1925 1081 1986 ut
1103 1942 1170 1985 ma·
1222 1942 1301 2004 pare
1338 1944 1456 1987 nomen
1493 1924 1611 2005 patris,
1649 1936 1687 1989 ut
1720 1926 1791 1991 Deo
1825 1927 1949 1994 nullam
1984 1929 2118 1994 honoris
2151 1929 2203 1995 eui

188 2005 1171 2176 attttmttltttttttititttntl
1223 2007 1432 2176 tt‘llls
1457 2007 2202 2166 :testitimoniavestitit?

189 2181 267 2247 dont
291 2178 411 2262 sabulis
440 2184 469 2244 et
496 2144 684 2264 pmdalopiis
711 2197 875 2260 nunquam
902 2177 1065 2251 liniendis:
1090 2198 1171 2261 quae
1222 2143 1303 2243 nuiu
1325 2180 1360 2243 in
1379 2116 1483 2245 Padlo
1506 2117 1633 2261 oudino,
1656 2193 1806 2265 respeutu
1820 2181 1895 2249 Dei.
1932 2185 2058 2252 Unicus
2080 2122 2118 2249 ii
2138 2187 2204 2252 fide

190 2267 387 2350 quaestiones
403 2265 553 2350 praebent
572 2264 685 2347 magis,
709 2283 804 2346 meam
824 2263 1073 2347 aedificationum
1094 2263 1169 2342 Dei,
1223 2272 1317 2347 pater
1346 2267 1492 2331 omnium
1523 2277 1573 2332 est
1595 2265 1696 2349 Deus,
1727 2269 1802 2350 qnia
1829 2290 1943 2335 omnes
1966 2271 2064 2337 verbo
2088 2292 2146 2336 suo
2169 2278 2204 2337 et

189 2373 270 2436 suae
290 2352 326 2417 ‘³‘
346 2351 409 2435 Μ
428 2349 576 2418 “M“
1222 2349 1597 2503 tuttelstet
1623 2363 1811 2521 sititet
1844 2358 1923 2505 ill
1947 2355 2203 2508 sistet

277 2524 305 2589 1.
329 2522 457 2590 Pontus
483 2518 651 2603 apostotus.
702 2518 740 2587 Si
770 2521 830 2585 soli
860 2519 1035 2586 Timotheo
1066 2520 1168 2605 serip-
1223 2523 1272 2587 uti
1300 2522 1468 2603 ministris,
1495 2543 1549 2589 ees
1579 2525 1613 2588 in
1644 2524 1777 2590 honoris
1802 2528 1852 2591 sui
1875 2464 2202 2593 eommuniuatgiunem

187 2611 297 2689 sisset,
327 2630 394 2674 non
424 2627 506 2691 opus
529 2616 601 2672 erat
621 2606 805 2673 adsoribere
828 2605 890 2672 hou
911 2606 1106 2691 epithetum,
1136 2617 1169 2672 ut
1222 2608 1320 2673 etiam
1350 2607 1505 2688 admittit,
1535 2608 1617 2674 nihil
1647 2616 1758 2675 tamen
1789 2611 1852 2677 sihi
1878 2612 2075 2698 derogando.
2119 2614 2202 2679 Erat

187 2696 236 2762 ita
258 2716 403 2762 asserere
426 2704 463 2759 ut
484 2692 572 2758 fauit.
617 2691 804 2758 Contentus
827 2693 914 2758 enim
937 2692 1051 2776 prouul
1070 2692 1168 2759 dnbio
1222 2714 1300 2777 ergo
1327 2691 1421 2759 Deus
1453 2693 1634 2777 spiritualis
1661 2694 1824 2762 Timothei
1856 2705 1970 2781 pater:
2004 2702 2038 2763 et
2070 2700 2202 2782 quidem

186 2781 302 2847 fuisset
325 2779 520 2846 Timotheus
549 2778 618 2844 solo
642 2779 784 2844 nomina.
830 2778 963 2846 Sciebat
985 2778 1073 2844 enim
1097 2799 1168 2845 esse
1221 2779 1318 2857 solus,
1342 2780 1472 2862 proprie
1495 2780 1667 2864 loquendo.
1712 2781 1778 2849 Sed
1801 2783 1936 2863 Paulus,
1970 2785 2027 2868 qui
2052 2786 2202 2850 minister

188 2865 316 2933 Christi
349 2865 548 2950 apostolum:
583 2882 644 2930 nau
672 2862 842 2950 indigebat
870 2864 938 2929 ulla
967 2864 1167 2948 probatione,
1221 2867 1328 2929 suerat
1349 2863 1413 2930 Dei
1441 2867 1474 2930 in
1496 2865 1663 2951 gignendo
1687 2868 1867 2950 Timotheo,
1896 2871 1989 2952 quasi
2011 2871 2201 2936 subalterno

186 2973 251 3038 quo
280 2949 379 3019 fidem
400 2951 449 3016 illi
472 2949 631 3031 deterret,
659 2951 741 3015 sotis
761 2950 827 3016 iam
847 2951 892 3016 nd
912 2950 948 3016 id
967 2956 1074 3032 sponte
1089 2970 1166 3033 pro·
1220 2950 1291 3015 iure
1313 2952 1444 3016 titulum
1467 2951 1529 3017 sibi
1552 2951 1711 3019 venditat

180 3059 306 3126 pmms
333 3042 363 3104 et
388 3037 537 3104 diademo
560 3056 624 3103 usu
645 3041 801 3104 assuetus.
844 3036 936 3103 Alios
958 3057 1037 3120 ergo
1059 3037 1168 3120 potius
1309 3035 1435 3116 Gnatia,
1457 3038 1687 3104 misericordia.
1732 3038 1923 3105 Seunndum
1952 3041 2023 3121 hou,
2053 3042 2113 3107 hue
2140 3054 2200 3126 est,

187 3126 337 3211 respicit,
366 3124 422 3210 qui
451 3142 520 3190 non
548 3133 617 3189 tam
647 3130 743 3188 erunt
771 3123 811 3189 ad
839 3125 944 3207 ipsum
969 3122 1166 3187 audiendum
1220 3122 1464 3190 misericordiae
1494 3144 1623 3207 nomen,
1655 3135 1786 3206 praeter
1818 3145 1915 3191 sunm
1946 3147 2070 3193 murem
2098 3127 2201 3193 inter-

186 3211 377 3290 voluntarii,
408 3211 460 3279 vel
484 3229 550 3277 uon
572 3216 639 3275 tam
662 3208 756 3276 fusile
778 3211 848 3275 aius
872 3209 967 3275 dietis
989 3209 1166 3290 suquiesse-
1219 3209 1338 3293 posuit,
1365 3210 1447 3274 forte
1477 3210 1636 3294 singulari
1664 3230 1744 3295 arga
1765 3211 1974 3276 Timotheum
2003 3232 2113 3279 amore
2139 3215 2200 3278 im·

186 3297 276 3365 bant
312 3298 442 3366 Talium
464 3296 635 3363 hominum
658 3316 757 3362 eausa
778 3317 813 3362 se
835 3297 1020 3379 apostolum
1040 3293 1166 3361 Christi
1220 3291 1360 3378 pulsus..
1389 3294 1494 3362 Porro
1521 3318 1587 3361 non
1610 3307 1722 3361 servat
1744 3306 1897 3362 ereetum
1920 3296 2086 3363 ordinem:
2114 3298 2201 3382 quod

188 3406 258 3455 esse
281 3394 433 3469 testatur,
457 3404 499 3450 ne
520 3383 615 3467 parvi
639 3383 781 3467 pendere
803 3385 914 3449 ausint
935 3381 1021 3465 qued
1045 3380 1165 3447 soribit.
1220 3379 1307 3444 enim
1338 3382 1500 3464 posterius
1521 3391 1581 3466 est,
1608 3381 1715 3464 priore
1738 3382 1809 3449 loon
1831 3383 1948 3466 posuit,
1975 3386 2114 3467 gratiam
2138 3385 2202 3450 soi·

187 3469 233 3536 nt
266 3471 485 3554 apostolatum
518 3490 616 3536 suum
649 3470 822 3536 uonfirmat
854 3467 1076 3542 ordinatione,
1115 3468 1166 3530 val
1220 3463 1296 3532 linet
1323 3487 1406 3549 quus
1431 3487 1473 3533 ex
1501 3467 1723 3534 miserirordiu
1751 3472 1876 3535 manat.
1925 3469 2012 3535 Nam
2040 3470 2114 3535 ideo
2142 3491 2201 3536 nos

189 3556 334 3622 deereto:
356 3557 435 3639 quia
448 3577 545 3621 nemo
561 3555 745 3640 apostolum
768 3574 879 3621 ornare
901 3574 936 3620 se
951 3555 1023 3639 ipsa
1042 3568 1165 3637 potest:
1220 3551 1254 3615 in
1277 3553 1417 3635 gratiam
1439 3553 1535 3619 initio
1554 3553 1670 3636 resipit
1688 3552 1789 3635 Deus,
1813 3564 1846 3620 et
1868 3553 1985 3621 deinde
2007 3575 2120 3622 amore
2141 3577 2201 3622 nos

188 3641 246 3708 sed
268 3663 365 3724 quem
390 3641 481 3708 Deus
503 3640 687 3722 ordinavit,
716 3640 772 3706 illa
792 3662 892 3708 verus
915 3648 966 3707 est
987 3639 1166 3723 apostolus,
1219 3640 1440 3720 prosequitur,
1472 3641 1548 3719 qnia
1575 3640 1761 3705 miseriuors
1788 3646 1848 3707 est.
1899 3640 2026 3706 Varum
2055 3663 2120 3707 non
2149 3649 2201 3707 est

188 3727 373 3812 dignusque
387 3727 521 3792 honore.
559 3725 674 3811 Neque
689 3724 797 3791 Deum
821 3733 947 3810 patrem
969 3724 1074 3791 solum
1090 3745 1166 3808 apo·
1219 3724 1405 3805 insolitum,
1438 3744 1569 3791 oausam
1603 3723 1758 3809 subiungi
1790 3726 1935 3805 effeutai,
1969 3726 2199 3810 explicationis

189 3812 330 3880 stolatus
345 3814 396 3879 sui
412 3812 489 3879 fauit
503 3820 659 3891 notorem,
685 3811 742 3877 sed
756 3811 806 3876 illi
822 3811 991 3878 Christum
1006 3810 1166 3896 adiungit.
1218 3829 1326 3875 eausa.
1356 3810 1409 3875 De
1425 3811 1588 3877 venabulis
1604 3812 1729 3895 gratiae
1744 3815 1777 3877 et
1791 3813 1890 3896 pasis,
1906 3811 1984 3877 alibi
2000 3812 2123 3878 diutum
2137 3820 2196 3878 est.

189 3899 236 3966 Et
263 3906 351 3967 uerte
379 3900 415 3963 in
438 3896 591 3964 euulesiae
613 3897 850 3982 gubernatione
871 3896 955 3962 nihil
974 3897 1043 3983 ugit
1066 3906 1166 3979 pater,
1304 3896 1334 3961 3.
1360 3897 1624 3977 Quemadmodum
1649 3898 1760 3982 rogaui
1779 3903 1815 3964 te.
1861 3897 1924 3964 Vel
1946 3899 2050 3965 oratio
2072 3907 2123 3964 est
2145 3898 2198 3964 de-

189 3984 254 4051 nisi
271 4007 327 4070 per
341 3983 456 4064 filium,
479 3984 573 4049 etita
592 3983 809 4050 summonitor
830 4003 904 4050 uum
928 3983 1005 4048 filio.
1042 3981 1164 4047 Deum
1217 3980 1350 4046 festiva:
1379 3981 1432 4046 vul
1461 3983 1621 4065 partiente
1645 3985 1699 4049 ἵνα
1726 3983 1881 4050 abundat.
1924 3983 2073 4066 Utroque
2100 3984 2197 4048 modu

188 4071 442 4137 salvatorem
476 4079 589 4136 sonat:
627 4088 725 4154 quem
757 4069 887 4134 titulum
920 4068 989 4133 filio
1022 4068 1165 4135 tribuere
1217 4087 1333 4132 seusus
1356 4068 1418 4131 erit
1440 4067 1556 4133 elarus.
1594 4069 1706 4135 Primo
1727 4070 1855 4137 redusit
1876 4069 2048 4136 Timotheo
2069 4071 2106 4134 in
2129 4090 2195 4133 rne-

189 4157 318 4241 saapius
340 4158 436 4223 solut:
462 4155 548 4239 patri
570 4165 679 4220 tamen
702 4175 740 4220 eo
762 4155 831 4238 ipso
854 4154 1017 4235 uenvauit,
1040 4155 1115 4235 quia
1136 4155 1164 4219 is
1217 4153 1353 4217 moriem
1371 4174 1434 4236 qna
1450 4153 1489 4218 de
1504 4175 1603 4220 eausa
1617 4155 1742 4239 Ephesi
1757 4176 1891 4221 manure
1906 4164 2040 4240 rogatus
2055 4155 2162 4221 fuerit
2170 4155 2196 4242 ¹)

189 4249 240 4308 est
270 4243 327 4325 qui
358 4242 453 4308 nobis
480 4240 569 4308 dedit
596 4241 711 4308 filium.
757 4241 877 4306 Merito
901 4241 1003 4326 igitur
1025 4239 1090 4304 illis
1112 4259 1163 4305 sa·
1219 4237 1306 4302 Nam
1334 4240 1412 4321 quia
1433 4240 1609 4306 notamen
1630 4240 1692 4306 sibi
1713 4246 1777 4306 tam
1799 4261 1910 4308 earum
1932 4248 1960 4306 et
1979 4241 2101 4322 βάψω
2121 4260 2195 4306 non·

187 4327 267 4394 lutis
297 4338 428 4395 nostrae
456 4327 562 4413 gloria
590 4326 795 4394 adeoribitnr.
840 4326 937 4394 Unde
965 4326 1052 4393 enim
1080 4325 1165 4392 salvi
1216 4324 1283 4389 nisi
1314 4345 1409 4409 aegre
1434 4330 1463 4390 et
1488 4328 1671 4392 necessitate
1697 4331 1819 4394 maetas
1847 4349 1870 4391 a
1895 4347 1929 4391 se
1956 4327 2127 4406 dimiserat,
2161 4331 2197 4414 ut

188 4413 322 4482 sumus?
356 4435 475 4499 nempe
502 4414 580 4498 qnia
607 4415 655 4480 sio
686 4433 746 4480 nas
768 4412 884 4479 dilexit
929 4421 1016 4493 ater,
1047 4418 1084 4478 ut
1106 4433 1165 4496 pur
1215 4410 1298 4475 oiees
1325 4411 1392 4476 sitia
1417 4432 1503 4491 suas,
1531 4411 1645 4495 pathus
1664 4413 1858 4479 sustinendis
1878 4432 1940 4477 nan
1961 4412 2046 4478 nlius
2066 4411 2196 4496 quilibet

187 4500 292 4568 filium
326 4521 385 4567 nus
419 4498 579 4567 redimere
611 4497 769 4580 voluerit,
801 4518 839 4565 au
871 4434 1010 4566 saisire.
1066 4496 1164 4580 Quod
1211 4516 1279 4578 por
1297 4496 1419 4581 suisset,
1442 4503 1565 4563 suenus
1585 4498 1697 4564 omna:
1718 4499 1834 4563 aoriter
1854 4497 2014 4562 annuant
2035 4498 2093 4563 hue
2113 4497 2194 4582 oepi-

189 4595 298 4653 antem
322 4584 540 4654 Christum
572 4585 715 4670 appellat
743 4606 854 4669 spem
884 4594 1062 4651 nostram
1093 4605 1164 4668 pro·
1216 4582 1333 4647 tatione
1353 4583 1456 4649 debuit
1473 4582 1659 4659 Timotheus,
1681 4603 1743 4650 non
1765 4581 1866 4650 solum
1885 4584 2195 4666 nesrustratempus

187 4673 258 4757 pris
288 4671 338 4738 illi
365 4671 526 4741 usuvenit
570 4671 664 4739 Tnno
685 4671 773 4738 enim
795 4671 968 4759 inuipimus
991 4673 1074 4737 bene
1095 4689 1166 4752 spe·
1217 4672 1332 4746 utera,
1365 4669 1419 4734 sed
1446 4669 1612 4752 praedare
1643 4689 1697 4735 nee
1727 4669 1857 4753 onlpari
1887 4669 1977 4735 modo
2005 4690 2037 4734 se
2063 4675 2193 4754 peraret

187 4779 272 4842 rare,
294 4779 395 4843 quum
417 4760 455 4824 iu
477 4756 647 4824 Christum
667 4756 874 4841 respioimus:
902 4755 1165 4842 quandoquidem
1217 4752 1306 4818 Hine
1326 4754 1432 4837 daque
1452 4759 1544 4838 quasi
1567 4776 1625 4839 per
1647 4753 1779 4820 medum
1798 4754 1955 4820 illationis
1972 4754 2133 4831 hortatur,
2156 4765 2192 4819 ut

187 4844 224 4913 in
246 4867 284 4913 eo
305 4844 374 4912 solu
394 4842 515 4912 residet
536 4852 606 4910 tota
626 4843 745 4912 salutis
767 4854 898 4910 nostrae
919 4844 1064 4909 materia.
1216 4860 1251 4905 ee
1279 4851 1422 4923 opponat
1451 4841 1540 4907 falsis
1569 4840 1755 4907 duotoribus
1784 4841 1838 4924 qni
1870 4859 1985 4924 puram
2007 4840 2191 4907 duatrinum

274 4933 306 5000 2.
330 4929 489 4998 Timotheo
507 4950 656 5015 gennano
674 4930 752 5012 fitia.
792 4930 866 4996 Non
888 4941 938 4997 ast
960 4930 1022 4996 hou
1044 4947 1165 5012 parvae
1216 4923 1456 4993 adulterabant.
1501 4925 1541 4990 Iu
1571 4946 1609 4992 eo
1638 4926 1724 5009 qnod
1753 4926 1926 4992 Timotheo
1949 4924 2073 5009 Ephesi
2102 4945 2193 4991 man·

187 5018 294 5086 laudis
324 5017 478 5103 elogium,
507 5037 572 5101 quo
599 5016 764 5102 signifieat
786 5016 910 5083 Paulus
938 5036 973 5080 se
1001 5036 1060 5098 pru
1087 5034 1164 5083 vero

186 5124 226 5173 aa
259 5124 328 5171 non
361 5103 523 5188 degenere
554 5101 623 5169 filie
656 5121 833 5188 agnosoere
870 5102 1087 5202 Timotheum,
1130 5108 1165 5168 et
1306 5135 1314 5167 t
1344 5131 1407 5188 Nm,
1430 5130 1503 5187 ,nim
1525 5129 1627 5188 frum
1647 5145 1710 5188 ,um
1732 5147 1750 5188 ,
1771 5146 1802 5187 ,θ
1818 5130 1964 5201 ,mm
1988 5129 2036 5186 ,οὐ
2052 5129 2142 5202 mous
2159 5132 2191 5184 ,t

186 5191 287 5258 ulem
305 5192 346 5260 ab
366 5188 438 5257 aliis
454 5190 526 5258 vult
542 5188 683 5274 agnosui.
716 5188 789 5256 Imu
803 5187 940 5274 perinde
954 5187 1164 5256 Timotheum
1216 5203 1288 5260 noes
1303 5133 1360 5260 lilio
1376 5215 1438 5258 snas
1455 5199 1609 5258 suman
