4762 6016
184 255 246 322 361
1080 249 1232 317 CAPUT
1255 247 1310 317 11.
2142 258 2208 326 362

96 478 103 497 ·
187 452 380 538 longissime
423 450 494 517 eius
536 468 617 517 oure
660 458 693 515 et
731 446 882 514 studium
921 444 1100 512 extendere
1138 465 1175 512 se
1227 442 1333 512 stadio
1356 453 1502 524 ourrunt,
1523 444 1581 512 sed
1604 466 1689 512 unus
1711 447 1829 532 aooipit
1850 447 2012 518 bravium.
2056 450 2112 521 Sia
2134 472 2208 520 our-

189 539 320 623 poterit.
625 551 627 554 ⁴
1227 530 1299 610 rito,
1322 537 1359 595 ut
1381 530 1672 614 eomprehendatia
1718 532 1755 599 Si
1776 535 1851 616 quis
1872 537 1984 620 itaque
2004 538 2111 623 primo
2132 559 2208 606 oon·

275 624 307 689 3.
332 621 497 706 Totqttor
516 620 606 703 seraa
623 618 818 702 afflictiones.
862 617 938 683 Non
961 617 1033 683 sine
1054 636 1177 701 magna
1227 617 1319 682 fliotu
1352 615 1519 701 fatigatus,
1555 617 1666 683 statim
1699 639 1742 683 ex
1775 640 1887 704 oampo
1920 643 1957 689 so
1990 623 2031 689 ad
2065 626 2208 708 quietam

191 709 386 778 neomitate
415 706 502 774 hano
531 705 710 774 seoundam
737 704 1001 769 exhortationem
1025 701 1180 768 attexuit:
1228 702 1399 782 subduoat,
1421 703 1560 769 inertiae
1574 702 1784 771 damnabitur
1798 707 2020 792 potiusquam
2037 711 2209 777 ornabitur

194 795 239 866 so
268 795 356 861 enim
384 791 599 859 adterendae
621 790 1027 873 afflietionesoomparent
1049 795 1178 873 oportet
1229 807 1357 854 oorona.
1401 787 1454 853 Ita
1486 808 1586 872 quum
1620 801 1747 857 oertare
1774 813 1834 859 nos
1863 793 1946 861 velit
1965 794 2118 861 (lhristue
2139 800 2210 862 tota

193 883 250 968 qui
268 901 328 949 sua
349 877 506 962 obsequia
522 877 654 945 Christo
677 877 830 942 offerunt.
867 874 984 960 Itaque
1006 893 1177 957 nunquam
1230 872 1315 940 vita:
1349 874 1404 958 qui
1433 876 1467 940 in
1497 874 1604 941 medio
1634 876 1788 944 viatoriao
1816 900 1914 946 oursu
1944 878 2115 961 deiecerit,
2148 880 2209 946 ho·

195 968 259 1037 erit
273 965 521 1055 perseverantia
540 965 612 1031 siue
633 961 808 1029 tolerantia
830 962 1002 1026 malorum.
1038 960 1085 1024 Et
1105 959 1179 1025 ideo
1231 979 1312 1025 nore
1327 981 1363 1027 se
1377 961 1496 1044 privat,
1518 961 1646 1027 etiamsi
1664 970 1799 1029 strenue
1820 966 1969 1048 oooperit.
2007 967 2209 1050 Legitima

194 1052 303 1138 addit,
339 1050 436 1119 siouti
472 1050 566 1117 deoet
600 1049 745 1116 bonum
783 1048 962 1113 militem
997 1045 1178 1112 Christi:
1231 1055 1412 1129 oertare‚
1436 1056 1486 1112 est
1500 1050 1651 1129 prosequi
1667 1057 1831 1115 oenomao
1847 1059 2006 1133 quantum
2027 1052 2082 1119 vel
2102 1051 2210 1135 quoad

196 1159 260 1225 quo
297 1137 399 1204 verhd
432 1137 597 1221 signifieat
629 1136 772 1201 militare
805 1153 920 1199 omnes
955 1133 1011 1216 qui
1044 1131 1179 1197 (lhristo
1232 1131 1288 1197 lex
1319 1134 1526 1214 praeseribit:
1558 1154 1600 1198 ne
1633 1135 1705 1216 quia
1733 1135 1797 1202 sibi
1825 1138 1958 1203 modum
1981 1146 2059 1204 ente
2081 1154 2209 1220 tempus

197 1225 363 1293 serviunt:
394 1228 428 1288 et
457 1242 569 1288 eorum
599 1220 752 1286 militiam
781 1240 846 1285 nou
869 1218 965 1284 malis
987 1216 1180 1299 inferendis,
1233 1218 1377 1283 definiat.

198 1309 257 1380 sed
278 1310 384 1393 magis
404 1309 564 1392 patientia
586 1317 746 1375 constare.
789 1305 920 1370 Harum
944 1323 1054 1369 rerum
1077 1301 1179 1367 madi·
1319 1303 1350 1369 6.
1373 1301 1534 1370 Loborore
1548 1304 1646 1386 priua
1666 1305 1846 1390 opriootom.
1883 1307 1958 1374 Non
1980 1307 2094 1393 ignoro
2116 1329 2210 1375 seous

197 1396 281 1463 tatio
295 1394 370 1479 plus
384 1414 483 1478 quam
498 1392 681 1460 neeessaria
699 1391 792 1457 nobis
815 1394 874 1457 est.
898 1388 1059 1455 Videmus
1080 1408 1180 1472 quam
1233 1389 1318 1456 verti
1340 1388 1429 1455 huno
1450 1387 1556 1455 looum
1580 1391 1621 1457 ab
1643 1390 1732 1455 aliis:
1754 1402 1788 1457 et
1802 1392 1908 1459 fateor
1929 1414 1984 1461 eos
2006 1393 2047 1460 ad
2071 1394 2209 1461 verbum

199 1481 296 1549 multi
317 1480 431 1548 hastas
452 1478 597 1565 quotidie
619 1477 784 1553 abiieiant‚
815 1475 872 1559 qui
895 1495 1049 1560 magnum
1072 1473 1182 1540 neseio
1234 1476 1413 1542 transferre
1445 1474 1532 1557 quod
1561 1496 1678 1561 graeoe
1704 1476 1830 1543 Paulus
1861 1480 2001 1565 soripsit.
2053 1477 2121 1548 Sed
2153 1480 2211 1564 qui

199 1567 280 1654 quid
302 1586 382 1651 pree
402 1586 439 1632 se
461 1565 618 1633 terebant
654 1561 751 1630 Unde
769 1561 823 1626 idt
846 1562 923 1645 quia
944 1561 1032 1627 oruoi
1055 1580 1182 1626 assues·
1235 1560 1409 1645 diligenter
1446 1571 1637 1628 oontoxtum
1671 1563 1848 1647 expendet,
1889 1565 1971 1631 mihi
2003 1565 2210 1631 assentietur.

200 1674 276 1722 aare
308 1657 484 1735 nequeunt.
542 1648 693 1715 Primum
726 1656 818 1713 tauta
850 1658 901 1713 est
933 1645 1105 1726 mollities,
1144 1653 1184 1710 ut
1234 1644 1364 1714 Deinde
1397 1650 1476 1713 uota
1506 1656 1557 1712 ost
1585 1668 1701 1731 graeoa
1727 1650 1792 1715 iste
1820 1649 1964 1733 phrasis:
1997 1650 2211 1729 laborantem,

200 1737 354 1806 militiam
383 1737 550 1803 horreant.
595 1733 724 1800 Deinde
754 1732 938 1798 nonullam
962 1739 1077 1799 tonent
1099 1730 1182 1795 mili·
1234 1752 1295 1815 pro
1309 1732 1467 1799 laborare.
1503 1732 1719 1818 Partioipium
1738 1735 1822 1800 onim
1846 1736 1915 1803 looo
1936 1737 2093 1802 infinitivi
2114 1755 2211 1818 saepe

201 1823 295 1891 tandi
328 1822 500 1906 rationem,
531 1839 630 1905 quam
663 1831 701 1886 ut
732 1820 852 1886 torooia
881 1838 954 1884 oum
986 1816 1184 1884 adversariis
1236 1815 1357 1885 Granni
1378 1827 1549 1902 usurpant.
1587 1817 1713 1887 Sensus
1734 1830 1784 1885 eet
1804 1820 1915 1905 igitur,
1937 1841 2002 1887 uon
2026 1831 2103 1887 ante
2124 1820 2211 1906 agri·

202 1914 338 1976 uertant.
382 1906 472 1990 Quid
504 1915 617 1974 autem
650 1905 695 1972 sit
723 1905 891 1989 possidere
919 1904 1047 1970 animas
1068 1903 1104 1968 in
1125 1923 1183 1987 pa·
1235 1902 1323 1970 oolaa
1346 1906 1488 1972 fruatum
1510 1903 1673 1989 oolligora
1701 1925 1801 1988 quam
1822 1908 1858 1972 iu
1879 1916 1985 1973 terrae
2006 1906 2145 1985 oultora.
2174 1905 2211 1972 in

202 1993 330 2073 tieutie,
353 1992 479 2059 dispare
499 2013 566 2059 non
588 1993 766 2059 sustinent.
1236 1989 1362 2055 satione
1389 1998 1424 2056 et
1451 1989 1524 2055 aliis
1553 1988 1754 2058 sudaverint.
1798 1990 1895 2073 Quod
1919 1994 2037 2059 sinon
2070 1999 2211 2076 perouut

288 2078 320 2146 t.
351 2078 452 2146 Nemo
480 2078 538 2161 qai
566 2077 691 2144 mstitot
743 2076 876 2143 Perstat
905 2077 940 2141 in
969 2072 1185 2142 similitudine
1236 2074 1401 2142 laboribus
1431 2074 1605 2160 agrioolae,
1633 2086 1673 2142 nt
1702 2076 1875 2161 aliquando
1903 2079 2010 2146 truotu
2033 2079 2210 2161 potiantur,

205 2185 303 2250 quam
327 2185 346 2229 a
368 2164 488 2230 militia
512 2173 704 2247 sumpserat.
750 2160 958 2245 Quamquam
983 2159 1114 2246 proprie
1135 2159 1183 2224 lo·
1237 2170 1271 2226 et
1299 2162 1463 2244 patienter
1489 2170 1617 2245 tompus
1639 2163 1755 2228 messis
1776 2171 1984 2247 exspeotant:
2014 2171 2136 2247 quanto
2157 2162 2212 2228 ah·

206 2249 335 2336 quondo
379 2249 600 2333 metaphorioe
632 2250 726 2334 prius
758 2248 839 2314 dioit
872 2247 997 2315 Christi
1031 2244 1184 2310 militem:
1237 2247 1369 2312 surdius
1383 2256 1433 2313 est
1446 2267 1506 2313 noa
1521 2246 1649 2315 labores
1671 2247 1831 2333 refugere,
1851 2268 1934 2330 quos
1956 2249 2049 2316 nobis
2068 2247 2212 2333 iniunqit

206 2356 295 2404 nuno
330 2354 410 2402 vero
445 2336 689 2418 eomparationo
725 2334 831 2399 utitur
861 2334 1018 2416 profanae
1050 2329 1186 2395 militiae
1239 2332 1393 2399 chrisou
1415 2339 1507 2399 tanta
1528 2333 1675 2401 meroede
1696 2332 1887 2418 proposita?

205 2441 281 2489 oum
298 2420 462 2505 spirituali
484 2428 517 2487 et
538 2420 729 2499 ohristiana,
751 2419 813 2486 hoo
834 2436 949 2485 senso:
971 2438 1011 2484 ea
1025 2423 1076 2484 est
1090 2414 1186 2514 diaoi3
1325 2419 1355 2483 l.
1371 2418 1514 2503 Intetto'pe
1534 2438 1614 2502 quoe
1634 2419 1712 2487 dioo.
1748 2419 1821 2486 Hoo
1843 2437 1911 2485 nou
1933 2417 2058 2485 addidit
2077 2425 2212 2502 propter

203 2507 316 2594 pliuae
330 2507 482 2573 militaris
496 2506 591 2585 ratio.
613 2514 651 2572 ut
664 2504 762 2572 simul
778 2515 875 2589 atque
890 2505 983 2571 miles
997 2505 1187 2585 imperatori
1237 2503 1500 2584 similitudinum,
1533 2525 1614 2587 quas
1635 2506 1760 2589 posuit,
1802 2505 2051 2572 obsonritutamz
2084 2503 2141 2570 sed
2174 2509 2212 2569 ut

205 2613 325 2660 nomen
341 2592 440 2674 dedit,
462 2592 578 2660 reliote
598 2591 695 2658 domo
717 2596 752 2656 et
773 2590 914 2674 negotiis
937 2589 1096 2666 omnibus,
1120 2606 1186 2653 non
1238 2590 1300 2655 sibi
1323 2590 1394 2675 ipse
1424 2600 1617 2674 suggereret
1638 2591 1829 2658 Timotheus
1851 2597 1973 2675 quanto
1994 2588 2212 2676 praestantior

205 2679 270 2745 nisi
293 2679 334 2744 de
355 2675 440 2744 hello
461 2677 591 2763 ooqttot.
630 2675 684 2744 Ita
705 2687 742 2743 ut
758 2675 892 2743 Christo
913 2677 1043 2760 penitus
1064 2672 1186 2740 addioti
1237 2675 1282 2741 eit
1310 2677 1371 2743 sub
1392 2674 1518 2742 Christi
1539 2677 1693 2760 auspioiis
1714 2676 1841 2756 militia,
1874 2683 1908 2742 et
1928 2682 2052 2760 quanto
2072 2673 2211 2759 amplior

206 2765 320 2848 mmor,
353 2763 506 2830 omnihus
534 2762 633 2830 huius
655 2762 774 2863 eaeouli
798 2758 1186 2863 impedimentisleolutoe
1239 2781 1371 2863 meroes.
1415 2761 1501 2828 Nam
1529 2762 1586 2830 vix
1611 2761 1742 2864 assidua
1764 2763 1974 2863 meditatione
1995 2761 2056 2828 hoo
2077 2760 2211 2861 tandem

207 2845 1186 3018 tritheiaeltttttlltttz¹¹tllttllt
1237 2855 1446 3000 :illita
1467 2847 1580 3000 itt
1600 2847 1786 3017 illati.
1806 2844 2212 3018 littalttlllt

206 3019 255 3087 Ut
276 3019 511 3104 ogrioulturom
535 3039 629 3086 suam
651 3020 774 3104 ruetioi,
797 3028 993 3086 mereatores
1015 3039 1076 3085 sua
1097 3037 1185 3084 oom-
1237 3019 1426 3102 ruptibilem
1441 3018 1533 3084 illam
1548 3019 1636 3087 vitae
1650 3020 1781 3086 tuturos
1796 3040 1948 3087 ooronsm
1970 3039 2034 3084 non
2056 3036 2211 3084 oousoen·

207 3107 329 3173 merois
356 3106 574 3190 tabernaeque
601 3105 767 3187 deserunt,
801 3104 904 3172 donee
925 3103 1096 3190 stipendiis
1117 3103 1186 3169 sois
1238 3103 1321 3170 dunt
1340 3113 1474 3171 nostrae
1495 3114 1636 3172 mentes:
1658 3105 1782 3171 Paulus
1803 3105 1845 3173 ad
1865 3104 1974 3171 Deum
1995 3103 2150 3188 oonlugit,
2173 3107 2211 3168 ut

205 3192 275 3258 siut
295 3191 469 3277 pertunoti.
514 3191 612 3257 Nune
633 3189 828 3274 applicanda
849 3196 900 3257 est
921 3188 1122 3275 oomparotio
1142 3187 1186 3255 sd
1237 3188 1411 3256 Timotheo
1440 3190 1495 3257 det
1523 3190 1738 3259 intelleotum.
1782 3193 1892 3276 Atque
1920 3190 1997 3256 hino
2024 3188 2209 3274 oouiqimus

205 3297 276 3344 rem
309 3287 533 3362 praesentem:
566 3276 650 3360 quod
681 3277 829 3361 quisquis
858 3277 932 3341 vult
960 3275 1022 3341 sub
1053 3272 1185 3341 Christo
1236 3295 1301 3342 nou
1324 3277 1434 3345 miuus
1456 3276 1579 3344 frustra
1600 3297 1661 3344 nos
1683 3276 1792 3344 dooeri
1813 3278 1878 3344 nisi
1896 3275 2060 3341 Dominus
2082 3279 2210 3341 mentae

204 3363 359 3449 militare,
381 3362 479 3430 debet
493 3363 616 3431 reliotis
630 3363 782 3429 omnibus
805 3362 919 3429 mundi
941 3362 1032 3428 trioia
1055 3369 1089 3425 at
1110 3378 1186 3427 evo·
1236 3362 1371 3446 aperiat,
1401 3383 1500 3447 quam
1522 3363 1644 3429 frustra
1666 3362 1823 3429 darentur
1844 3368 2026 3445 praeoopta‚
2056 3360 2120 3427 nisi
2141 3361 2211 3444 ipso

204 3450 375 3527 oamentis,
397 3468 433 3516 se
447 3448 624 3516 illi·totum
645 3468 767 3532 suaque
789 3448 899 3515 studia
920 3447 1080 3515 addioere.
1119 3445 1185 3512 De-
1236 3448 1459 3531 suppeditaret
1480 3448 1568 3516 virsa
1588 3448 1757 3534 implendi.
1801 3448 1886 3528 Quis
1906 3446 1994 3514 enim
2016 3446 2121 3513 Paulo
2142 3466 2211 3511 me·

204 3534 306 3618 nique
319 3535 568 3602 meminerimus
580 3536 705 3602 veteris
719 3535 895 3619 proverbii,
918 3534 992 3601 Hoo
1006 3549 1084 3618 age:
1099 3530 1184 3616 quod
1235 3532 1300 3599 lius
1321 3532 1354 3598 id
1376 3532 1505 3618 potuit?
1531 3536 1624 3619 atqui
1646 3542 1682 3600 ut
1704 3533 1813 3619 aliquo
1834 3534 1980 3617 proieotu
2002 3532 2125 3613 doooat,
2147 3531 2211 3599 dis·

206 3619 371 3703 signifieat
402 3620 450 3686 ita
480 3621 566 3687 serio
597 3619 853 3687 inoumbondum
885 3641 957 3689 esse
990 3618 1185 3705 peragendis
1235 3617 1380 3703 oipulum
1403 3621 1465 3688 sibi
1487 3641 1507 3686 a
1527 3620 1601 3687 Deo
1622 3619 1757 3688 formeri
1777 3619 1930 3703 postulat.

208 3704 326 3785 saeris,
359 3712 397 3770 ut
428 3705 573 3771 studium
607 3715 756 3772 nostrum
790 3716 823 3771 et
854 3706 1068 3772 intentionem
1101 3703 1185 3769 nihil

206 3788 296 3856 aliud
318 3789 486 3874 impediat.
520 3790 637 3858 Leotio
657 3790 714 3857 illa
736 3791 898 3875 vulgaris:
921 3812 1017 3858 nemo
1039 3789 1185 3856 militans
1321 3790 1352 3857 8.
1368 3789 1523 3858 Menocrito
1536 3791 1646 3859 Ieoaoa
1661 3789 1822 3858 maram
1841 3791 2007 3856 eedtomoo
2026 3809 2049 3855 a
2069 3787 2210 3870 morteto,

205 3874 279 3941 Deo
311 3883 383 3955 oto,
410 3876 591 3961 corrumpit
621 3881 728 3942 totum
756 3875 854 3943 Pauli
887 3898 1030 3944 sensum.
1079 3876 1184 3940 Porro
1236 3897 1275 3944 aa
1295 3877 1413 3943 ειιιιιιιι
1426 3877 1547 3957 David,
1568 3878 1738 3945 ιιιιιιιᾶιιιιι
1758 3876 1952 3962 eooapelium
1972 3895 2082 3942 ιιιιιιιιι.
2111 3873 2142 3940 9.
2166 3871 2210 3939 Ia

204 3961 363 4029 eoolesiae
389 3971 539 4045 pastores
564 3961 627 4029 sub
649 3960 814 4028 timothei
841 3982 983 4045 persona
1008 3962 1185 4046 alloquitur
1234 3983 1296 4046 qao
1318 3961 1424 4030 laboro
1445 3982 1544 4046 oeque
1563 3963 1607 4030 od
1627 3963 1761 4042 nimio,
1782 3967 1932 4046 waqaom
1953 3959 2127 4044 motatore:
2154 3960 2209 4026 eod

206 4047 260 4114 hio
281 4046 420 4114 Paulus.
463 4045 640 4114 Generalis
672 4047 804 4132 quidem
837 4058 887 4114 est
916 4048 1093 4116 sententia:
1125 4046 1184 4113 sed
1234 4068 1336 4116 aomo
1356 4047 1422 4115 Dei
1452 4068 1514 4116 noa
1543 4053 1590 4116 ot
1614 4049 1745 4116 ιιιιιιιιι.
1799 4048 1849 4114 10.
1877 4046 2081 4130 Quamobrem
2102 4045 2209 4112 omia

206 4153 290 4216 ques
343 4133 521 4235 ‘ulieritsr
542 4133 636 4200 verhi
657 4133 817 4234 ministris
838 4134 1003 4234 oompetit.
1039 4132 1185 4232 Videant
1234 4134 1329 4202 tolero
1351 4138 1482 4219 propter
1509 4134 1624 4236 eteotoa
1647 4140 1690 4236 'ut
1718 4135 1785 4218 ipoi
1812 4153 1933 4218 qaoque
1953 4132 2085 4233 aetatem
2104 4150 2208 4198 aanor·

205 4237 367 4406 itha
382 4239 554 4374 tulit.
562 4228 776 4405 1111111ζί
797 4216 1184 4386 ‘ttit‘tlttlttt
1236 4219 2209 4404 tttttmttttmtm

205 4409 344 4474 quisque
357 4411 392 4455 ιιι
407 4411 468 4456 suo
485 4391 609 4471 ordina,
631 4389 708 4475 qurd
728 4411 784 4457 eoa
805 4390 976 4457 atlhristo
997 4390 1183 4458 abstrahet:
1234 4392 1331 4458 ιιιιιιιι
1358 4412 1428 4461 aem
1456 4394 1470 4459 ι’
1509 4393 1710 4461 oaioeaaaa:
1748 4392 1801 4457 12.
1828 4392 1859 4458 ei
1887 4391 2083 4474 uaffemmtw,
2115 4393 2209 4455 ιιιιιιιι

204 4494 249 4541 ne
282 4475 336 4542 hio
367 4475 516 4543 ooelestia
548 4477 727 4563 imperator
759 4477 871 4543 minus
903 4477 1023 4544 habeat
1054 4478 1088 4543 iu
1122 4483 1184 4544 uos
1233 4477 1332 4544 ιιιιιιιῐ
1486 4479 1492 4494 ’
1570 4504 1580 4546 .·
1610 4480 1642 4546 ai
1670 4497 1829 4564 ιιιραιιιιιι,
1858 4476 1912 4543 tae
1942 4495 2060 4559 potoque
2087 4472 2210 4560 nepulit

205 4562 296 4641 iuris,
325 4581 424 4644 quam
452 4562 515 4629 sibi
543 4562 699 4630 vendioat
725 4560 824 4629 homo
849 4562 1013 4646 quispiam
1035 4563 1184 4630 mortalis
1233 4583 1306 4630 aaa:
1328 4564 1380 4630 13.
1394 4564 1427 4630 oi
1446 4565 1601 4633 inereduli
1620 4583 1742 4649 aomos,
1762 4562 1816 4630 itte
1834 4561 1937 4646 fidelis
1957 4566 2074 4629 monet:
2093 4579 2210 4646 aeporr

208 4647 244 4714 iu
266 4646 571 4816 ριῠοιιῶιιιίιιιοι,
592 4668 706 4801 w
719 4649 1163 4801 οιί,ινιιὰιψὲι,οςιιιιιιιΝἰιιιιιιιιιιιέί1
1233 4650 1373 4733 stipam
1393 4668 1458 4718 ιιοιι
1472 4655 1582 4736 pateat.

315 4783 323 4800 .
458 4753 490 4800 ιι
879 4784 888 4801 .
964 4753 1030 4800 uno
1165 4756 1183 4802 e

205 4819 468 4902 perseverantiae
491 4753 625 4904 offois
647 4823 796 4905 putatae
817 4841 883 4886 nno
904 4829 961 4886 aut
981 4754 1182 4888 alteffoou·
1321 4821 1351 4888 8.
1385 4819 1543 4889 Μιιιιειιιο
1575 4821 1692 4888 Iesum.
1746 4819 1902 4904 Aliquam
1941 4818 2012 4885 eius
2043 4817 2209 4884 doetrinae

205 4904 296 4968 fliotu
329 4924 402 4971 osse
434 4907 653 4990 perianotum.
695 4911 746 4973 Ao
770 4906 1020 4972 similitudinem
1052 4908 1182 4990 quidem
1234 4911 1371 4991 partem,
1398 4927 1495 4992 quam
1524 4908 1655 4975 volebat
1680 4906 1807 4973 salvam
1830 4913 1864 4972 et
1884 4905 2049 4991 integram
2071 4903 2113 4968 ad
2133 4922 2207 4986 pos·

206 4988 248 5055 ah
280 4987 414 5057 athletis
451 4996 640 5070 mutuetur,
677 5013 815 5077 quorum
858 5013 956 5058 nemo
999 4992 1182 5076 praemium
1234 4997 1322 5060 teros
1355 4995 1541 5077 pervenire,
1578 4993 1771 5059 nominatim
1805 4991 1967 5075 exprimit.
2020 4988 2209 5056 Verisimile

206 5072 342 5156 obtinet,
375 5077 441 5145 nisi
473 5078 515 5144 ad
546 5087 730 5145 extremum
760 5080 865 5144 vietor
893 5080 1082 5162 perstiterit.
1127 5077 1183 5147 Sia
1235 5089 1345 5145 autem
1366 5088 1426 5160 est,
1443 5099 1516 5146 eam
1539 5080 1743 5163 potissimum
1765 5077 1894 5162 attingi,
1917 5076 1957 5143 de
1978 5095 2045 5161 qua
2065 5076 2208 5140 maxime

206 5161 327 5245 prioris
351 5162 393 5228 ed
416 5163 606 5233 Oorinthios
628 5184 697 5249 oep.
721 5164 753 5246 9,
774 5162 826 5244 24,
849 5164 973 5231 Omnes
996 5165 1125 5248 quidem
1148 5164 1183 5231 iu
1234 5166 1380 5233 timebat.
1414 5163 1510 5246 Quod
1532 5166 1631 5232 etiam
1655 5187 1697 5232 ex
1718 5164 1930 5250 sequentibus
1953 5160 2086 5249 patebit,
2108 5178 2210 5244 quum
