4762 6016
183 457 249 522 355
816 451 960 518 EPIST.
983 453 1127 518 PAULI
1150 452 1215 517 AD
1237 452 1520 520 ΤΙΜΟΤΗΕΠΜ
1543 453 1579 519 ll
1879 507 1881 510 .
2134 457 2203 524 356

184 651 304 734 quibus
327 648 537 715 detinebatur
562 647 685 729 aliquid
718 647 758 712 de
781 667 841 711 sua
864 647 1038 712 autoritate
1060 647 1168 712 minu·
1220 667 1343 732 gerere,
1378 647 1486 713 Deum
1519 669 1586 713 non
1619 669 1724 732 posse,
1759 647 1812 713 vel
1842 648 1994 732 impediri
2027 650 2203 732 quominus

184 746 290 814 erent,
322 736 449 800 duobus
478 735 684 816 argumentis
709 740 823 799 eontra
845 740 980 816 pugnat.
1025 731 1167 801 Causam
1220 733 1354 815 impleat
1383 734 1467 816 quod
1499 734 1648 817 promisit
1675 733 1840 818 (quoniam
1871 743 2009 801 etanta
2031 737 2066 800 in
2090 736 2201 802 Deum

186 823 274 889 enim
299 821 363 886 sibi
386 820 560 905 gloriosam
584 820 691 901 potius
714 838 812 901 quam
832 829 961 901 turpem
977 839 1047 884 esse
1064 827 1169 885 osten·
1219 818 1424 900 blasphemia
1446 839 1560 886 sensus
1581 829 1693 885 noster
1716 820 1892 907 abhorret),
1914 820 1971 886 sed
1983 822 2093 888 oeulos
2108 842 2203 888 men·

188 907 254 973 dit:
277 908 443 989 quianon
467 904 507 971 ob
525 905 721 971 maleficium
740 903 871 986 aliquod
889 906 1018 970 vinetus
1037 905 1088 982 sit,
1112 904 1169 969 sed
1221 912 1334 987 tesque
1357 910 1485 970 nostras
1507 905 1782 988 praeooeupando,
1805 927 1938 973 sensum
1960 928 2090 972 omnem
2119 907 2201 974 divi·

187 992 276 1077 quod
300 994 373 1058 Deo
403 991 533 1057 voeanti
562 991 605 1055 sit
633 992 842 1072 obsequutus.
886 991 948 1055 Est
978 994 1088 1055 autem
1117 991 1168 1053 in·
1220 1011 1283 1054 nae
1320 990 1486 1072 potentiae
1523 990 1648 1057 adimit.
1702 993 1886 1076 Purgatum
1920 994 2022 1077 igitur
2053 994 2201 1060 animum

187 1078 344 1147 eredibile
367 1077 531 1156 solatium,
554 1097 654 1160 quum
676 1097 848 1159 possumus
867 1074 986 1141 bonam
1005 1076 1169 1142 oonseieu-
1221 1096 1293 1140 esse
1322 1084 1462 1159 oportet,
1494 1078 1549 1160 qui
1579 1097 1646 1142 non
1674 1077 1772 1143 modo
1802 1099 1874 1143 eam
1897 1088 2020 1163 gustat,
2050 1080 2108 1145 sed
2131 1080 2205 1145 eiua

187 1168 267 1231 tiam
298 1165 420 1246 iniquis
450 1163 621 1229 hominum
647 1162 777 1227 iudieiis
799 1182 972 1245 opponere.
1018 1159 1168 1228 Seouudo
1221 1171 1356 1245 gustum
1378 1161 1464 1227 inter
1486 1164 1618 1245 quaevis
1641 1164 1838 1229 tentationes
1854 1167 1984 1230 retinet.
2024 1164 2201 1231 Caeterum

187 1273 209 1317 a
237 1271 295 1333 spe
319 1249 464 1333 prosperi
487 1260 627 1314 eventus
649 1258 908 1332 argumentatur,
936 1247 1019 1312 nihil
1042 1268 1113 1312 esse
1136 1249 1169 1310 in
1222 1247 1262 1311 de
1290 1249 1436 1329 potentia
1459 1249 1523 1313 Dei
1553 1250 1681 1331 quoties
1710 1250 1854 1332 loquitur
1877 1251 2013 1335 Paulus,
2032 1252 2202 1318 ‘aetualem

188 1338 258 1404 auis
293 1335 433 1401 vinealis
467 1333 665 1418 pudendum.
721 1333 794 1400 Hoe
827 1333 989 1415 praesidio
1021 1334 1170 1417 quisquis
1221 1332 1272 1417 (ut
1296 1333 1339 1397 sit
1361 1333 1481 1418 diuam)
1503 1334 1666 1419 intellige:
1696 1336 1749 1400 vel
1772 1334 2016 1421 ἐνεργουμένην,
2046 1336 2204 1419 quemad·

188 1422 336 1488 munitus
367 1423 438 1501 erit,
467 1422 588 1504 poterit
615 1420 778 1486 maximas
805 1440 950 1502 quasque
972 1420 1170 1485 tentationes
1222 1417 1353 1484 modum
1375 1421 1444 1502 ipse
1467 1420 1544 1485 alibi
1568 1420 1952 1508 voeat(0010ss.1,29).
1989 1422 2089 1490 Fides
2112 1424 2202 1489 enim

188 1528 355 1590 superare.
396 1507 442 1572 Et
464 1527 564 1590 quum
588 1527 623 1572 se
646 1503 847 1588 pudefieri
868 1514 978 1589 negat,
1001 1504 1080 1571 alios
1103 1505 1171 1570 ani·
1223 1504 1285 1568 Dei
1315 1506 1470 1570 virtutem
1503 1526 1578 1572 oum
1609 1508 1710 1574 verbo
1739 1528 1870 1591 semper
1897 1510 2078 1593 eoniungit,
2112 1509 2202 1591 quod

188 1599 259 1660 mat
279 1613 339 1659 suo
361 1592 512 1677 exemplo
535 1591 576 1657 ad
599 1593 736 1657 eandem
759 1590 991 1657 fortitudinem.
1222 1608 1290 1656 uon
1319 1590 1434 1673 prooul
1457 1591 1667 1676 imaginatur,
1695 1594 1752 1659 sed
1774 1595 1865 1660 intus
1886 1604 2078 1676 eonoeptum
2100 1592 2203 1660 habet

277 1679 363 1745 Noai
384 1680 467 1744 euim
487 1679 540 1744 oui
561 1678 754 1743 tradiderim,
790 1676 863 1744 Hoe
881 1678 1014 1743 unieum
1033 1687 1083 1741 est
1097 1696 1170 1761 asy·
1222 1696 1261 1743 ao
1292 1676 1445 1758 possidet.
1497 1678 1551 1743 Ita
1578 1679 1674 1744 Rom.
1704 1679 1736 1757 4,
1758 1679 1812 1760 20,
1841 1680 1882 1746 de
1911 1679 2090 1759 Abraham,
2120 1680 2200 1745 Non

190 1765 261 1831 lum
291 1785 356 1848 quo
379 1786 414 1830 se
436 1765 582 1845 roeipere
604 1762 725 1828 debent
746 1784 860 1828 omnes
882 1762 937 1845 pii,
968 1763 1094 1846 quoties
1116 1784 1171 1828 eos
1223 1761 1398 1828 haesitavit
1426 1782 1486 1830 neo
1516 1763 1719 1848 disoeptavit,
1746 1766 1804 1832 sed
1834 1764 1922 1831 dedit
1952 1766 2092 1850 gloriam
2118 1764 2201 1842 Deo,

189 1852 334 1918 mundus
356 1850 455 1916 habet
475 1871 533 1933 pro
552 1848 715 1915 damnatis
733 1859 768 1914 et
781 1847 975 1931 desperatis:
999 1857 1035 1913 ut
1049 1848 1172 1915 soilioet
1223 1859 1313 1914 oerto
1342 1867 1517 1931 persuasus
1547 1850 1633 1931 quod
1662 1851 1721 1934 qui
1750 1853 1951 1934 promiserat,
1979 1862 2097 1934 potens
2118 1862 2205 1918 esset

189 1938 271 2004 satis
291 1935 435 2001 habeant
457 1934 543 2018 quod
560 1935 632 2001 Deo
656 1934 846 2016 probentur.
885 1933 969 2015 Quis
988 1936 1075 1999 enim
1096 1934 1171 1999 finis
1223 1935 1321 1999 etiam
1354 1933 1501 2015 implere.
1554 1933 1704 2002 Observa
1736 1938 1837 2003 etiam
1869 1958 1989 2004 nomen
2028 1937 2205 2022 depositi

190 2024 220 2089 si
244 2024 285 2089 ab
307 2020 494 2088 hominihus
510 2019 695 2105 pendeant?
733 2022 843 2103 Atque
857 2019 935 2086 hino
950 2020 1170 2104 colligendum
1224 2040 1282 2102 pro
1305 2020 1374 2086 vita
1401 2029 1544 2086 aeterna.
1589 2020 1676 2087 Nam
1698 2021 1774 2088 inde
1795 2022 1989 2108 oolligimne,
2020 2044 2086 2090 non
2109 2023 2205 2090 aliter

190 2118 242 2174 est
269 2113 429 2192 quantum
460 2108 500 2173 ab
529 2107 680 2191 opinione
709 2105 810 2172 distet
838 2105 939 2173 fides:
968 2106 1044 2189 quia
1070 2125 1171 2188 quum
1223 2106 1259 2169 in
1291 2125 1393 2171 manu
1423 2103 1483 2171 Dei
1515 2105 1653 2173 salutem
1687 2113 1834 2175 nostram
1867 2130 1952 2189 esse,
1984 2129 2023 2176 ao
2055 2118 2137 2175 sunt
2170 2111 2205 2174 in

193 2193 273 2260 dioit
295 2192 428 2269 Paulus,
457 2193 537 2259 novi
559 2195 611 2258 uui
632 2190 837 2269 erediderim,
866 2192 1029 2275 signifieat
1051 2212 1170 2274 nequa·
1223 2210 1323 2256 manu
1345 2191 1536 2274 depositarii
1558 2213 1641 2277 quae
1663 2192 1768 2277 ipsius
1785 2194 1860 2261 fidei
1878 2195 2091 2262 eustodieuda
2106 2193 2205 2261 tradi·

195 2299 294 2363 quam
311 2278 461 2344 sufficere
478 2279 508 2345 si
521 2278 645 2357 eredas,
668 2277 732 2343 nisi
747 2278 856 2343 Deum
872 2276 993 2344 habeas
1008 2286 1173 2343 autorem:
1223 2297 1307 2343 mus.
1345 2276 1384 2343 Si
1406 2297 1506 2361 penes
1528 2298 1588 2344 nos
1610 2289 1695 2345 esset
1715 2280 1806 2347 salus
1827 2288 1952 2361 nostra,
1974 2290 2054 2365 quot
2072 2281 2206 2347 amidae

194 2376 295 2450 atque
328 2365 398 2430 eius
426 2364 476 2430 rei
504 2363 562 2429 tibi
591 2373 716 2432 constet
744 2362 915 2430 osrtitudo.
965 2362 1066 2429 Fides
1094 2383 1172 2446 ergo
1208 2361 1376 2450 'perieulis
1398 2364 1547 2447 exposita
1569 2363 1678 2430 foret?
1719 2365 1817 2432 Nune
1840 2368 2015 2434 verobona
2037 2365 2204 2450 estquod

192 2472 303 2605 ἰιῖἒιιο
338 2450 511 2603 hominkppn
543 2451 722 2601 ppltoritpetp
757 2449 884 2599 nitptur,
921 2450 1105 2598 ”⁰2⁰⁰le
1137 2449 1173 2514 in
1224 2449 1310 2532 apud
1325 2448 1439 2549 'talem
1462 2450 1626 2517 oustodem
1649 2453 1791 2536 reposita
1821 2453 1912 2518 omni
1944 2452 2134 2520 diaorimina
2155 2462 2205 2520 est

249 2557 305 2603 um
331 2556 477 2602 reeumr
518 2557 541 2602 u
601 2555 667 2603 assu
722 2557 731 2599 t
762 2555 797 2601 ss
841 2555 915 2601 oum
939 2557 1026 2602 suren
1043 2555 1074 2600 ra
1096 2556 1172 2601 oon·
1225 2554 1382 2618 superior.

193 2625 308 2690 iunota
335 2642 407 2688 ease
434 2622 540 2690 debet.
583 2621 718 2705 Alioqui
748 2641 863 2705 parum
894 2629 980 2687 esset
1001 2621 1097 2687 firma
1119 2621 1173 2686 ad·

195 2729 312 2775 versus
334 2709 525 2775 innumeros
539 2708 684 2775 Satanae
702 2707 854 2775 insultus.
892 2705 953 2773 Oui
972 2718 1173 2772 autemeam
1314 2706 1364 2772 13.
1395 2705 1548 2774 Formam
1575 2707 1654 2774 liobe
1681 2728 1831 2775 senonen
1858 2729 2048 2790 samonum,
2080 2729 2158 2794 qaus
2186 2730 2206 2777 o

193 2793 301 2861 Panlo
317 2805 445 2860 oonstat
463 2794 545 2860 haee
561 2793 706 2871 seientia,
725 2795 754 2859 is
768 2793 956 2876 experietur
969 2813 1036 2859 uon
1052 2794 1174 2859 frustra
1226 2811 1274 2858 me
1295 2793 1415 2859 audisti
1432 2794 1467 2859 in
1482 2794 1547 2876 fide
1565 2799 1594 2859 et
1609 2796 1749 2878 writola,
1772 2815 1852 2877 quoe
1868 2801 1913 2861 eat
1928 2798 1965 2862 in
1982 2794 2106 2862 Olarieto
2121 2796 2208 2862 Iesu.

197 2880 307 2948 voeari
335 2879 433 2946 fidem
463 2891 610 2946 nostrum
638 2879 822 2957 viatorium,
851 2899 917 2963 qua
939 2878 1083 2944 mundus
1104 2881 1175 2945 vin-
1228 2877 1280 2942 14.
1296 2877 1469 2963 Eqreqiam
1490 2880 1667 2963 depositam
1680 2881 1810 2961 naudi,
1825 2902 1887 2963 per
1900 2883 2051 2964 spirited»
2064 2888 2207 2948 samm

194 2969 300 3033 uitur:
325 2987 385 3034 nee
407 2966 531 3032 trustra
554 2965 676 3032 dietum
699 2986 770 3032 asse
787 2985 807 3029 a
822 2963 956 3031 Christo
973 2963 1106 3050 (Matth.
1125 2965 1175 3046 16,
1226 2964 1283 3046 qai
1310 2964 1463 3032 inhabitat
1492 2968 1527 3032 in
1554 2967 1653 3033 nebia.
1700 2967 1749 3033 15.
1775 2968 1871 3034 Nosti
1890 2967 1946 3034 beo
1967 2968 2049 3049 quod
2070 2969 2209 3035 aversas

196 3051 265 3139 18),
283 3053 403 3118 Portae
418 3053 595 3118 inferorum
612 3072 677 3117 non
693 3051 939 3135 praevalebunt.
968 3051 1013 3128 Is,
1028 3053 1174 3134 inquam,
1226 3070 1275 3116 ote
1305 3051 1425 3133 faedat
1455 3072 1560 3119 omnes
1592 3054 1749 3136 quisunt
1775 3055 1812 3119 in
1837 3053 1937 3119 Asia:
1969 3073 2107 3136 quoram
2135 3059 2208 3120 suat

194 3139 283 3204 inter
322 3159 435 3205 omnes
472 3138 629 3222 proeellas
665 3147 698 3203 et
735 3145 944 3221 tempestates
980 3135 1175 3222 tranquillus
1229 3135 1402 3221 Pbyqaltaa
1438 3143 1467 3203 et
1501 3137 1717 3224 Hermopeaes.
1773 3140 1823 3205 16.
1860 3138 1922 3206 Det
1957 3140 2206 3207 misericordiam

196 3227 350 3309 quiescet,
370 3226 424 3291 oui
445 3224 507 3289 hoo
529 3224 591 3290 erit
613 3224 838 3308 eonstitutum,
860 3222 980 3304 Deum,
1002 3225 1059 3307 qui
1081 3243 1174 3290 men·
1228 3221 1388 3288 Dominus
1412 3223 1601 3306 Onesiphori
1619 3225 1783 3307 samaiae:
1809 3227 1958 3308 puniam
1977 3245 2068 3309 saepe
2087 3246 2137 3292 me
2156 3247 2206 3293 re·

195 3311 253 3376 tiri
271 3330 310 3376 ao
327 3310 438 3376 fallere
456 3311 578 3393 nequit,
601 3309 770 3394 loquutum
789 3330 870 3387 esse,
892 3330 930 3376 ao
948 3308 1078 3375 indubie
1097 3329 1175 3393 prae
1226 3308 1390 3392 factitavit,
1423 3315 1452 3374 et
1483 3311 1521 3376 de
1551 3315 1658 3376 cateno
1688 3332 1760 3376 mea
1789 3331 1852 3376 aon
1883 3311 2022 3377 meaa:
2069 3311 2119 3376 17.
2149 3312 2206 3378 sed

196 3408 360 3462 staturum
383 3395 466 3479 quod
500 3396 659 3480 promisit.
704 3396 853 3462 Rursum
887 3396 915 3461 si
933 3396 985 3463 eui
1018 3416 1084 3460 non
1113 3397 1177 3461 erit
1228 3415 1325 3477 qaam
1346 3399 1423 3460 saed
1437 3395 1565 3474 Romae,
1587 3396 1766 3463 studiosius
1781 3398 1937 3479 qaoeabit
1953 3417 2011 3478 me,
2031 3398 2207 3464 etiuoeait.

197 3481 369 3565 obsignata
390 3481 472 3548 haee
487 3482 619 3565 veritas,
640 3485 745 3549 instar
765 3481 935 3548 arundinis
956 3482 1021 3548 huo
1043 3490 1078 3547 et
1098 3480 1177 3549 illua
1230 3480 1280 3545 18.
1303 3480 1366 3546 Det
1395 3481 1608 3548 eiDominas
1633 3487 1669 3547 ut
1689 3483 1827 3550 inueniet
1845 3483 2208 3566 memoratamque

197 3576 355 3652 perpetuo
387 3569 526 3636 nutabit.
577 3567 719 3636 Proinde
751 3569 805 3634 hio
834 3567 923 3634 loeus
950 3568 1177 3635 observatione
1227 3565 1403 3633 Dominam
1432 3568 1468 3631 in
1495 3567 1548 3634 die
1572 3566 1636 3634 oto.
1681 3567 1727 3634 Et
1747 3588 1843 3652 ρνανι
1863 3569 1963 3636 mutto
1983 3569 2065 3635 mitt
2086 3568 2209 3653 Ephesi

196 3653 319 3738 dignus
347 3663 412 3720 est:
444 3657 519 3739 quia
546 3655 667 3739 optime
692 3654 850 3739 exprimit
871 3654 939 3719 vim
962 3654 1048 3733 fidei,
1076 3674 1176 3738 quum
1228 3652 1466 3732 attenuaverit,
1487 3652 1599 3720 meum
1620 3659 1655 3719 tu
1675 3656 1766 3721 noeti.

198 3741 292 3806 dooet
315 3759 386 3805 earn
409 3739 545 3823 gloriam
569 3761 628 3806 nos
647 3741 765 3807 debere
780 3739 852 3807 Deo
870 3740 1013 3806 tribuere
1028 3741 1063 3804 in
1078 3741 1177 3806 rebus

194 3829 343 3892 maxime
372 3825 560 3910 deploratis,
594 3837 630 3892 ut
660 3847 725 3892 non
756 3827 941 3893 dubitemus
969 3827 1077 3909 ipsum
1107 3825 1176 3891 iore
1316 3824 1368 3889 13.
1384 3823 1535 3893 Formosa
1551 3824 1636 3893 habe.
1674 3825 1770 3907 Quod
1788 3826 1845 3892 alii
1860 3837 2040 3910 exponunt,
2059 3825 2208 3894 doetrina

197 3931 352 3978 veracem
380 3933 418 3977 ao
447 3911 594 3978 fidelem:
624 3911 741 3978 deinde
770 3934 871 3996 quum
900 3911 995 3978 dooet
1019 3912 1053 3977 in
1077 3911 1176 3979 verbo
1230 3918 1286 3976 tua
1315 3912 1359 3977 sit
1388 3913 1489 3980 veluti
1520 3911 1689 3995 exemplar
1719 3912 1761 3978 ad
1789 3913 1877 3996 quod
1906 3911 1962 3977 alii
1991 3934 2027 3980 se
2055 3914 2208 3992 forment,

195 3998 334 4083 perinde
363 4018 434 4063 esse
464 4020 502 4064 aa
531 3998 773 4082 quieseendum,
803 4019 841 4066 aa
867 3998 895 4066 si
922 3997 1012 4064 Deua
1042 4019 1059 4062 e
1088 3997 1177 4063 eoelo
1227 4018 1296 4063 non
1318 3998 1448 4081 reeipio.
1487 3997 1600 4063 Nihilo
1622 3999 1721 4063 etiam
1743 3999 1876 4082 propius
1898 3998 2024 4066 aouedit
2045 3998 2086 4065 ad
2108 3998 2207 4065 Pauli

193 4085 295 4151 nobis
324 4084 540 4168 apparuisset.
583 4084 668 4150 Nam
697 4085 846 4168 quisquis
875 4085 937 4151 hau
966 4083 1176 4168 persuasione
1228 4094 1371 4149 mentem
1388 4085 1547 4167 expositio
1562 4083 1801 4168 chrysostomi,
1816 4096 1854 4150 ut
1868 4084 1988 4150 haheat
2003 4087 2037 4151 in
2052 4094 2207 4169 promptu

197 4191 267 4237 non
289 4180 339 4236 est
361 4171 551 4251 instruetus,
574 4170 656 4237 nihil
679 4179 778 4239 tenet.
816 4170 955 4254 Semper
976 4176 1085 4235 autem
1108 4191 1174 4236 me·
1228 4169 1421 4235 Timotheus
1440 4170 1599 4237 virtutum
1621 4170 1798 4253 imaginem
1815 4171 1904 4236 eordi
1921 4190 1981 4237 auo
1998 4170 2205 4255 insumptam,

196 4257 393 4323 minerimus
415 4255 556 4321 Paulum
579 4277 646 4322 non
665 4257 701 4321 in
722 4258 841 4324 umbra
861 4255 1096 4340 philosophari,
1118 4255 1176 4321 sed
1228 4275 1271 4320 ex
1292 4255 1389 4321 Pauli
1420 4255 1578 4323 doetrina.
1623 4255 1707 4321 Mihi
1736 4257 1843 4339 potius
1865 4254 1996 4321 videtur
2018 4258 2206 4342 praeeipere

200 4343 295 4424 quasi
317 4344 353 4408 in
375 4364 412 4409 re
433 4343 600 4426 praesenti
622 4344 836 4410 constitutum
857 4343 943 4411 serio
970 4344 1083 4408 testari
1097 4340 1176 4425 quid
1229 4341 1394 4423 apostolus
1421 4341 1602 4423 Timotheo,
1634 4352 1672 4407 ut
1705 4351 1805 4408 tenax
1838 4343 1881 4408 sit
1913 4342 2080 4409 doetrinae
2110 4363 2206 4426 quam

196 4427 311 4495 valeat
332 4437 484 4495 aeternae
505 4430 594 4495 vitae
615 4429 743 4496 fiducia.
1229 4425 1352 4508 didioit,
1380 4447 1447 4492 non
1476 4428 1572 4493 modo
1599 4428 1686 4510 quod
1708 4429 1749 4495 ad
1772 4428 1997 4509 substantiam,
2026 4429 2083 4495 sed
2106 4429 2206 4496 etiam

203 4544 205 4549 ·
287 4513 469 4580 Pesuaaa
493 4535 565 4581 aum
586 4517 669 4600 quod
683 4520 796 4599 poeta
814 4516 866 4581 sii.
909 4513 1071 4596 Quoniam
1094 4514 1177 4599 peri·
1228 4511 1313 4595 quod
1335 4511 1376 4579 ad
1399 4513 1539 4597 figuram
1560 4514 1666 4598 ipsam
1687 4514 1853 4580 orationis.
1887 4514 1974 4581 Nam
1991 4513 2206 4596 ὑποτύπωσις,

200 4601 350 4668 eulorum
381 4603 431 4666 vie
460 4613 493 4667 et
520 4603 713 4687 magnitudo
743 4623 802 4668 noe
830 4621 926 4686 saepe
955 4608 1177 4683 oonsternant,
1227 4597 1313 4681 quod
1336 4599 1473 4666 verbum
1496 4599 1550 4665 hio
1572 4608 1716 4684 usurpat,
1738 4607 1789 4663 eat
1805 4600 1881 4667 viva
1899 4621 2010 4667 rerum
2028 4602 2208 4685 expressio,

191 4688 254 4755 vel
272 4687 389 4754 saltem
408 4686 449 4752 ad
467 4686 683 4754 diffidentiam
700 4688 878 4755 sollicitant
893 4690 1019 4753 animos
1033 4697 1177 4754 nostros:
1229 4704 1267 4750 aa
1285 4686 1312 4751 si
1330 4684 1433 4751 oeulis
1448 4695 1637 4768 praesentes
1651 4685 1898 4752 subiioerentur.
1933 4684 2065 4754 Soiebat
2079 4686 2206 4753 Paulus

199 4774 272 4841 ideo
295 4793 428 4840 neeesse
450 4779 499 4839 est
522 4774 585 4841 hoo
606 4775 721 4861 elypeo
743 4797 801 4841 nos
823 4775 967 4841 munitos
988 4794 1068 4852 esse,
1097 4773 1178 4839 satis
1230 4792 1328 4854 quam
1357 4770 1512 4856 proelivis
1540 4772 1585 4838 sit
1612 4789 1736 4854 apura
1757 4768 1905 4837 doetrina
1924 4773 1978 4839 val
2001 4773 2124 4857 lapsus,
2152 4772 2206 4842 vel

198 4862 234 4924 in
255 4862 319 4926 Dei
341 4861 465 4926 virtute
487 4860 581 4926 nobis
602 4882 673 4928 esse
692 4860 855 4945 praesidii.
894 4858 1175 4942 Quemadmodum
1231 4857 1381 4923 deflexio.
1418 4855 1516 4923 Hane
1537 4858 1578 4925 ob
1596 4874 1728 4924 oausam
1743 4855 1882 4924 sollicite
1896 4867 1991 4925 oavet
2006 4877 2049 4924 ne
2064 4858 2207 4925 deelinet

199 4945 355 5012 Christus
376 4947 432 5013 ubi
454 4966 515 5013 nos
532 4968 664 5014 seouros
681 4969 752 5015 esse
766 4947 866 5027 iubet,
889 4946 950 5013 huo
965 4947 1067 5012 utitur
1082 4965 1177 5028 argu·
1230 4944 1421 5009 Timotheus
1454 4944 1494 5008 ab
1528 4963 1567 5007 ea
1596 4939 1732 5009 doeendi
1762 4941 1867 5010 forma
1894 4965 1991 5028 quam
2020 4954 2206 5030 aooeperat:

195 5042 324 5116 mento,
357 5033 467 5112 Pater,
491 5035 548 5116 qui
570 5055 630 5101 voa
652 5033 734 5100 mihi
763 5032 861 5116 dedit,
893 5033 997 5099 maior
1026 5030 1177 5097 omnibus
1230 5050 1384 5113 suamque
1407 5027 1543 5094 doeendi
1565 5030 1726 5094 rationem
1748 5033 1843 5110 quasi
1864 5029 1905 5096 ad
1927 5029 2010 5096 illud
2027 5031 2205 5115 praeserip-

191 5125 251 5183 -est
273 5116 400 5200 (lohan.
425 5120 476 5200 10,
498 5120 563 5206 29).
607 5119 681 5202 Quo
710 5120 875 5204 signifieat
903 5141 962 5185 nos
990 5137 1061 5185 esse
1083 5126 1178 5183 extra
1230 5127 1299 5181 tum
1330 5117 1457 5198 exigat:
1486 5133 1552 5178 non
1583 5112 1667 5197 quod
1695 5114 1728 5178 in
1751 5117 1860 5182 verbis
1890 5126 1981 5182 tanta
2010 5119 2053 5182 sit
2077 5118 2208 5202 religio,

199 5203 395 5288 perieulum,
418 5227 520 5290 quum
536 5207 707 5286 Dominus,
729 5206 785 5288 qui
800 5228 860 5273 nos
876 5206 912 5271 in
929 5205 1064 5271 tutelam
1083 5222 1176 5268 suam
1229 5202 1286 5266 sed
1304 5204 1379 5284 quia
1396 5199 1628 5283 supramodum
1644 5200 1741 5264 noxia
1755 5211 1806 5266 eat
1820 5200 1985 5267 doetrinae
2001 5202 2053 5269 vel
2068 5204 2206 5268 minima

193 5290 333 5374 reoepit,
367 5291 409 5357 ad
441 5292 657 5359 resistendum
689 5290 818 5358 abunde
850 5293 892 5358 ait
926 5300 1048 5374 potens.
1102 5288 1176 5354 Non
1230 5286 1433 5351 deformatio.
1471 5284 1560 5351 Hine
1582 5295 1717 5370 apparet
1738 5286 1844 5368 qualis
1864 5286 1908 5352 sit
1925 5287 1959 5351 in
1976 5296 2097 5372 papatu
2113 5289 2207 5354 theo·

197 5375 301 5443 audet
334 5375 466 5462 quidam
495 5375 599 5446 Satan
632 5386 720 5443 reeta
751 5375 837 5446 hano
869 5374 1099 5461 eogitationem
1127 5375 1176 5438 in·
1229 5371 1326 5455 logia,
1349 5390 1432 5455 quae
1454 5391 1558 5455 usque
1579 5391 1618 5437 eo
1639 5370 1853 5454 degeneravit
1874 5370 1914 5435 ab
1935 5372 2001 5439 isto
2023 5373 2207 5458 exemplari
