<?xml version="1.0" encoding="UTF-8"?>
<!DOCTYPE html PUBLIC "-//W3C//DTD XHTML 1.0 Transitional//EN"
    "http://www.w3.org/TR/xhtml1/DTD/xhtml1-transitional.dtd">
<html xmlns="http://www.w3.org/1999/xhtml" xml:lang="en" lang="en">
 <head>
  <title>
</title>
<meta http-equiv="Content-Type" content="text/html;charset=utf-8" />
  <meta name='ocr-system' content='tesseract 3.04.00' />
  <meta name='ocr-capabilities' content='ocr_page ocr_carea ocr_par ocr_line ocrx_word'/>
</head>
<body>
  <div class='ocr_page' id='page_1' title='image "./ioanniscalvinio00calvgoog/ioanniscalvinio00calvgoog_0458.png"; bbox 0 0 4762 6016; ppageno 0'>
   <div class='ocr_carea' id='block_1_1' title="bbox 185 322 2189 401">
    <p class='ocr_par' dir='ltr' id='par_1_1' title="bbox 185 322 2189 401">
     <span class='ocr_line' id='line_1_1' title="bbox 185 322 2189 401; baseline -0.002 -6"><span class='ocrx_word' id='word_1_1' title='bbox 185 328 248 395; x_wconf 77' lang='lat'><strong>125</strong></span> <span class='ocrx_word' id='word_1_2' title='bbox 1069 322 1219 394; x_wconf 69' lang='lat' dir='ltr'><strong>CAPUT</strong></span> <span class='ocrx_word' id='word_1_3' title='bbox 1242 327 1306 392; x_wconf 86' lang='lat'><em>111.</em></span> <span class='ocrx_word' id='word_1_4' title='bbox 2122 333 2189 401; x_wconf 80' lang='grc'><strong>126</strong></span> 
     </span>
    </p>
   </div>
   <div class='ocr_carea' id='block_1_2' title="bbox 169 520 2195 5326">
    <p class='ocr_par' dir='ltr' id='par_1_2' title="bbox 185 520 2194 1469">
     <span class='ocr_line' id='line_1_2' title="bbox 186 520 2193 612; baseline -0.003 -16"><span class='ocrx_word' id='word_1_5' title='bbox 186 526 362 610; x_wconf 85' lang='lat' dir='ltr'><strong>oantionm,</strong></span> <span class='ocrx_word' id='word_1_6' title='bbox 383 524 454 593; x_wconf 84' lang='lat' dir='ltr'><strong>sire</strong></span> <span class='ocrx_word' id='word_1_7' title='bbox 475 544 550 591; x_wconf 86' lang='lat' dir='ltr'><strong>asra</strong></span> <span class='ocrx_word' id='word_1_8' title='bbox 573 542 662 605; x_wconf 82' lang='lat' dir='ltr'><strong>roae,</strong></span> <span class='ocrx_word' id='word_1_9' title='bbox 689 523 762 590; x_wconf 81' lang='lat' dir='ltr'><strong>sire</strong></span> <span class='ocrx_word' id='word_1_10' title='bbox 783 521 1047 599; x_wconf 77' lang='lat' dir='ltr'><strong>alitereanatur.</strong></span> <span class='ocrx_word' id='word_1_11' title='bbox 1092 520 1167 589; x_wconf 91' lang='lat' dir='ltr'><strong>Oda</strong></span> <span class='ocrx_word' id='word_1_12' title='bbox 1217 521 1360 587; x_wconf 85' lang='lat' dir='ltr'><strong>breviter</strong></span> <span class='ocrx_word' id='word_1_13' title='bbox 1392 520 1541 587; x_wconf 88' lang='lat' dir='ltr'><strong>adiioiam</strong></span> <span class='ocrx_word' id='word_1_14' title='bbox 1570 541 1655 606; x_wconf 88' lang='lat' dir='ltr'><strong>quae</strong></span> <span class='ocrx_word' id='word_1_15' title='bbox 1688 523 1869 607; x_wconf 90' lang='lat' dir='ltr'><strong>praesentis</strong></span> <span class='ocrx_word' id='word_1_16' title='bbox 1902 523 1966 592; x_wconf 86' lang='lat' dir='ltr'><strong>loni</strong></span> <span class='ocrx_word' id='word_1_17' title='bbox 1998 523 2193 612; x_wconf 78' lang='lat' dir='ltr'>expositioni</span> 
     </span>
     <span class='ocr_line' id='line_1_3' title="bbox 187 607 2192 695; baseline -0.001 -14"><span class='ocrx_word' id='word_1_18' title='bbox 187 633 252 681; x_wconf 90' lang='lat' dir='ltr'><strong>nan</strong></span> <span class='ocrx_word' id='word_1_19' title='bbox 275 609 389 679; x_wconf 87' lang='lat' dir='ltr'><strong>leudes</strong></span> <span class='ocrx_word' id='word_1_20' title='bbox 411 618 539 676; x_wconf 89' lang='lat' dir='ltr'><strong>tantum</strong></span> <span class='ocrx_word' id='word_1_21' title='bbox 562 611 738 689; x_wconf 90' lang='lat' dir='ltr'><strong>oontineat,</strong></span> <span class='ocrx_word' id='word_1_22' title='bbox 759 608 817 676; x_wconf 90' lang='lat' dir='ltr'><strong>sed</strong></span> <span class='ocrx_word' id='word_1_23' title='bbox 836 627 1028 692; x_wconf 73' lang='lat' dir='ltr'><strong>paraeneses</strong></span> <span class='ocrx_word' id='word_1_24' title='bbox 1047 612 1082 673; x_wconf 92' lang='lat' dir='ltr'><strong>et</strong></span> <span class='ocrx_word' id='word_1_25' title='bbox 1103 607 1168 674; x_wconf 85' lang='lat' dir='ltr'><strong>alia</strong></span> <span class='ocrx_word' id='word_1_26' title='bbox 1218 607 1345 690; x_wconf 90' lang='lat' dir='ltr'><strong>proprie</strong></span> <span class='ocrx_word' id='word_1_27' title='bbox 1374 607 1585 675; x_wconf 85' lang='lat' dir='ltr'><strong>nonreniunt.</strong></span> <span class='ocrx_word' id='word_1_28' title='bbox 1634 608 1832 675; x_wconf 81' lang='lat' dir='ltr'><strong>Mulieribue</strong></span> <span class='ocrx_word' id='word_1_29' title='bbox 1861 611 2086 695; x_wconf 60' lang='lat' dir='ltr'><strong>praeripiant</strong></span> <span class='ocrx_word' id='word_1_30' title='bbox 2115 614 2192 689; x_wconf 88' lang='lat' dir='ltr'><strong>sub·</strong></span> 
     </span>
     <span class='ocr_line' id='line_1_4' title="bbox 187 691 2193 796; baseline 0.001 -33"><span class='ocrx_word' id='word_1_31' title='bbox 187 705 394 784; x_wconf 87' lang='lat' dir='ltr'><strong>argumenta.</strong></span> <span class='ocrx_word' id='word_1_32' title='bbox 424 693 640 781; x_wconf 84' lang='lat' dir='ltr'><strong>·Spiritnales</strong></span> <span class='ocrx_word' id='word_1_33' title='bbox 668 703 777 761; x_wconf 91' lang='lat' dir='ltr'><strong>autem</strong></span> <span class='ocrx_word' id='word_1_34' title='bbox 799 693 1063 760; x_wconf 79' lang='lat' dir='ltr'><strong>Christianorum</strong></span> <span class='ocrx_word' id='word_1_35' title='bbox 1088 713 1166 761; x_wconf 89' lang='lat' dir='ltr'><strong>oen·</strong></span> <span class='ocrx_word' id='word_1_36' title='bbox 1217 694 1321 759; x_wconf 89' lang='lat' dir='ltr'><strong>ieotae</strong></span> <span class='ocrx_word' id='word_1_37' title='bbox 1353 691 1429 759; x_wconf 90' lang='lat' dir='ltr'><strong>sint.</strong></span> <span class='ocrx_word' id='word_1_38' title='bbox 1474 691 1548 759; x_wconf 86' lang='lat' dir='ltr'><strong>Hoo</strong></span> <span class='ocrx_word' id='word_1_39' title='bbox 1580 693 1705 760; x_wconf 86' lang='lat' dir='ltr'><strong>elerum</strong></span> <span class='ocrx_word' id='word_1_40' title='bbox 1738 701 1805 760; x_wconf 86' lang='lat' dir='ltr'><strong>est:</strong></span> <span class='ocrx_word' id='word_1_41' title='bbox 1838 693 1896 762; x_wconf 90' lang='lat' dir='ltr'><strong>sed</strong></span> <span class='ocrx_word' id='word_1_42' title='bbox 1929 696 2013 796; x_wconf 85' lang='lat' dir='ltr'><strong>quod</strong></span> <span class='ocrx_word' id='word_1_43' title='bbox 2047 701 2193 782; x_wconf 87' lang='lat' dir='ltr'><strong>sequitur</strong></span> 
     </span>
     <span class='ocr_line' id='line_1_5' title="bbox 188 778 2192 864; baseline -0 -12"><span class='ocrx_word' id='word_1_44' title='bbox 188 785 293 852; x_wconf 87' lang='lat' dir='ltr'><strong>tiones</strong></span> <span class='ocrx_word' id='word_1_45' title='bbox 315 804 385 851; x_wconf 89' lang='lat' dir='ltr'><strong>esse</strong></span> <span class='ocrx_word' id='word_1_46' title='bbox 409 782 491 863; x_wconf 82' lang='lat' dir='ltr'><strong>vult,</strong></span> <span class='ocrx_word' id='word_1_47' title='bbox 513 800 580 847; x_wconf 92' lang='lat' dir='ltr'><strong>non</strong></span> <span class='ocrx_word' id='word_1_48' title='bbox 595 804 635 846; x_wconf 89' lang='lat' dir='ltr'><strong>ex</strong></span> <span class='ocrx_word' id='word_1_49' title='bbox 656 780 781 847; x_wconf 82' lang='lat' dir='ltr'><strong>frivolis</strong></span> <span class='ocrx_word' id='word_1_50' title='bbox 797 788 830 844; x_wconf 92' lang='lat' dir='ltr'><strong>et</strong></span> <span class='ocrx_word' id='word_1_51' title='bbox 853 779 947 845; x_wconf 91' lang='lat' dir='ltr'><strong>nihili</strong></span> <span class='ocrx_word' id='word_1_52' title='bbox 960 779 1059 864; x_wconf 90' lang='lat' dir='ltr'><strong>nugis</strong></span> <span class='ocrx_word' id='word_1_53' title='bbox 1079 798 1166 847; x_wconf 90' lang='lat' dir='ltr'><strong>eom·</strong></span> <span class='ocrx_word' id='word_1_54' title='bbox 1217 779 1415 862; x_wconf 88' lang='lat' dir='ltr'><strong>ambignum,</strong></span> <span class='ocrx_word' id='word_1_55' title='bbox 1439 778 1786 863; x_wconf 88' lang='lat' dir='ltr'><strong>quemadmodum</strong></span> <span class='ocrx_word' id='word_1_56' title='bbox 1804 779 1923 848; x_wconf 88' lang='lat' dir='ltr'><strong>deest</strong></span> <span class='ocrx_word' id='word_1_57' title='bbox 1941 803 1982 847; x_wconf 84' lang='lat' dir='ltr'><strong>tn</strong></span> <span class='ocrx_word' id='word_1_58' title='bbox 2001 780 2192 851; x_wconf 87' lang='lat' dir='ltr'><strong>Domino.</strong></span> 
     </span>
     <span class='ocr_line' id='line_1_6' title="bbox 186 863 2193 956; baseline 0 -21"><span class='ocrx_word' id='word_1_59' title='bbox 186 872 320 956; x_wconf 89' lang='lat' dir='ltr'><strong>positas.</strong></span> <span class='ocrx_word' id='word_1_60' title='bbox 364 867 450 935; x_wconf 89' lang='lat' dir='ltr'><strong>Nam</strong></span> <span class='ocrx_word' id='word_1_61' title='bbox 481 868 522 934; x_wconf 86' lang='lat' dir='ltr'><strong>ad</strong></span> <span class='ocrx_word' id='word_1_62' title='bbox 545 874 776 952; x_wconf 75' lang='lat' dir='ltr'><strong>argumentum</strong></span> <span class='ocrx_word' id='word_1_63' title='bbox 806 865 868 931; x_wconf 91' lang='lat' dir='ltr'><strong>boo</strong></span> <span class='ocrx_word' id='word_1_64' title='bbox 889 867 1038 932; x_wconf 82' lang='lat' dir='ltr'><strong>retertur.</strong></span> <span class='ocrx_word' id='word_1_65' title='bbox 1083 864 1166 931; x_wconf 88' lang='lat' dir='ltr'><strong>Par·</strong></span> <span class='ocrx_word' id='word_1_66' title='bbox 1218 863 1361 945; x_wconf 80' lang='lat' dir='ltr'><strong>Quidem</strong></span> <span class='ocrx_word' id='word_1_67' title='bbox 1395 864 1482 930; x_wconf 90' lang='lat' dir='ltr'><strong>enim</strong></span> <span class='ocrx_word' id='word_1_68' title='bbox 1514 865 1563 933; x_wconf 89' lang='lat' dir='ltr'><strong>sio</strong></span> <span class='ocrx_word' id='word_1_69' title='bbox 1594 875 1793 946; x_wconf 88' lang='lat' dir='ltr'><strong>oontexnnt,</strong></span> <span class='ocrx_word' id='word_1_70' title='bbox 1824 866 1988 934; x_wconf 88' lang='lat' dir='ltr'><strong>subieotae</strong></span> <span class='ocrx_word' id='word_1_71' title='bbox 2020 876 2124 936; x_wconf 89' lang='lat' dir='ltr'><strong>estote</strong></span> <span class='ocrx_word' id='word_1_72' title='bbox 2157 871 2193 935; x_wconf 93' lang='lat' dir='ltr'><strong>in</strong></span> 
     </span>
     <span class='ocr_line' id='line_1_7' title="bbox 186 947 2193 1039; baseline 0.001 -18"><span class='ocrx_word' id='word_1_73' title='bbox 186 955 332 1032; x_wconf 88' lang='lat' dir='ltr'><strong>tienlam,</strong></span> <span class='ocrx_word' id='word_1_74' title='bbox 361 954 402 1020; x_wconf 89' lang='lat' dir='ltr'><strong>in</strong></span> <span class='ocrx_word' id='word_1_75' title='bbox 426 953 583 1039; x_wconf 87' lang='lat' dir='ltr'><strong>gratis,</strong></span> <span class='ocrx_word' id='word_1_76' title='bbox 614 951 868 1037; x_wconf 81' lang='lat' dir='ltr'><strong>Chrysoetomns</strong></span> <span class='ocrx_word' id='word_1_77' title='bbox 898 951 989 1019; x_wconf 80' lang='lat' dir='ltr'><strong>varie</strong></span> <span class='ocrx_word' id='word_1_78' title='bbox 1014 951 1166 1034; x_wconf 84' lang='lat' dir='ltr'><strong>exponit:</strong></span> <span class='ocrx_word' id='word_1_79' title='bbox 1219 947 1369 1029; x_wconf 91' lang='lat' dir='ltr'><strong>Domino,</strong></span> <span class='ocrx_word' id='word_1_80' title='bbox 1399 950 1673 1033; x_wconf 76' lang='lat' dir='ltr'><strong>quemadmodum</strong></span> <span class='ocrx_word' id='word_1_81' title='bbox 1705 951 1806 1018; x_wconf 88' lang='lat' dir='ltr'><strong>deest.</strong></span> <span class='ocrx_word' id='word_1_82' title='bbox 1851 953 1923 1038; x_wconf 84' lang='lat' dir='ltr'><strong>Ego</strong></span> <span class='ocrx_word' id='word_1_83' title='bbox 1955 964 2064 1020; x_wconf 89' lang='lat' dir='ltr'><strong>tamen</strong></span> <span class='ocrx_word' id='word_1_84' title='bbox 2097 954 2193 1023; x_wconf 88' lang='lat' dir='ltr'><strong>aliter</strong></span> 
     </span>
     <span class='ocr_line' id='line_1_8' title="bbox 187 1035 2194 1126; baseline -0 -20"><span class='ocrx_word' id='word_1_85' title='bbox 187 1061 249 1126; x_wconf 87' lang='lat' dir='ltr'><strong>ego</strong></span> <span class='ocrx_word' id='word_1_86' title='bbox 271 1048 379 1106; x_wconf 90' lang='lat' dir='ltr'><strong>antam</strong></span> <span class='ocrx_word' id='word_1_87' title='bbox 403 1039 594 1123; x_wconf 87' lang='lat' dir='ltr'><strong>simplieiter</strong></span> <span class='ocrx_word' id='word_1_88' title='bbox 615 1037 747 1120; x_wconf 85' lang='lat' dir='ltr'><strong>auoipio,</strong></span> <span class='ocrx_word' id='word_1_89' title='bbox 770 1036 1041 1120; x_wconf 75' lang='lat' dir='ltr'><strong>quemadmodum</strong></span> <span class='ocrx_word' id='word_1_90' title='bbox 1063 1045 1098 1102; x_wconf 89' lang='lat' dir='ltr'><strong>et</strong></span> <span class='ocrx_word' id='word_1_91' title='bbox 1118 1038 1167 1102; x_wconf 93' lang='lat' dir='ltr'><strong>in·</strong></span> <span class='ocrx_word' id='word_1_92' title='bbox 1242 1036 1336 1115; x_wconf 90' lang='lat' dir='ltr'><strong>otius,</strong></span> <span class='ocrx_word' id='word_1_93' title='bbox 1367 1035 1451 1101; x_wconf 90' lang='lat' dir='ltr'><strong>siout</strong></span> <span class='ocrx_word' id='word_1_94' title='bbox 1478 1036 1512 1101; x_wconf 91' lang='lat' dir='ltr'><strong>in</strong></span> <span class='ocrx_word' id='word_1_95' title='bbox 1536 1037 1680 1102; x_wconf 90' lang='lat' dir='ltr'><strong>Domino</strong></span> <span class='ocrx_word' id='word_1_96' title='bbox 1704 1036 1814 1104; x_wconf 83' lang='lat' dir='ltr'><strong>deest:</strong></span> <span class='ocrx_word' id='word_1_97' title='bbox 1841 1038 1985 1118; x_wconf 88' lang='lat' dir='ltr'><strong>honest,</strong></span> <span class='ocrx_word' id='word_1_98' title='bbox 2013 1040 2194 1107; x_wconf 69' lang='lat' dir='ltr'><strong>meandum</strong></span> 
     </span>
     <span class='ocr_line' id='line_1_9' title="bbox 185 1120 2193 1209; baseline -0.001 -15"><span class='ocrx_word' id='word_1_99' title='bbox 185 1127 288 1194; x_wconf 83' lang='lat' dir='ltr'><strong>iarius</strong></span> <span class='ocrx_word' id='word_1_100' title='bbox 311 1125 416 1209; x_wconf 89' lang='lat' dir='ltr'><strong>eapite</strong></span> <span class='ocrx_word' id='word_1_101' title='bbox 438 1125 468 1204; x_wconf 85' lang='lat'><strong>4,</strong></span> <span class='ocrx_word' id='word_1_102' title='bbox 484 1126 514 1203; x_wconf 88' lang='grc'><strong>6,</strong></span> <span class='ocrx_word' id='word_1_103' title='bbox 538 1143 641 1208; x_wconf 91' lang='lat' dir='ltr'><strong>quum</strong></span> <span class='ocrx_word' id='word_1_104' title='bbox 664 1123 752 1201; x_wconf 90' lang='lat' dir='ltr'><strong>diait,</strong></span> <span class='ocrx_word' id='word_1_105' title='bbox 774 1143 881 1189; x_wconf 88' lang='lat' dir='ltr'><strong>sermo</strong></span> <span class='ocrx_word' id='word_1_106' title='bbox 903 1132 1014 1188; x_wconf 83' lang='lat' dir='ltr'><strong>vester</strong></span> <span class='ocrx_word' id='word_1_107' title='bbox 1035 1121 1103 1188; x_wconf 89' lang='lat' dir='ltr'><strong>sale</strong></span> <span class='ocrx_word' id='word_1_108' title='bbox 1124 1121 1168 1190; x_wconf 91' lang='lat' dir='ltr'><strong>sit</strong></span> <span class='ocrx_word' id='word_1_109' title='bbox 1252 1120 1354 1186; x_wconf 90' lang='lat' dir='ltr'><strong>omini</strong></span> <span class='ocrx_word' id='word_1_110' title='bbox 1388 1121 1648 1188; x_wconf 89' lang='lat' dir='ltr'><strong>institutionem:</strong></span> <span class='ocrx_word' id='word_1_111' title='bbox 1682 1130 1719 1189; x_wconf 96' lang='grc' dir='ltr'><strong>ιιι</strong></span> <span class='ocrx_word' id='word_1_112' title='bbox 1752 1123 1928 1190; x_wconf 86' lang='lat' dir='ltr'><strong>mulierum</strong></span> <span class='ocrx_word' id='word_1_113' title='bbox 1961 1125 2193 1193; x_wconf 91' lang='lat' dir='ltr'><strong>subieetionem</strong></span> 
     </span>
     <span class='ocr_line' id='line_1_10' title="bbox 189 1206 2194 1295; baseline -0.001 -15"><span class='ocrx_word' id='word_1_114' title='bbox 189 1213 350 1290; x_wconf 87' lang='lat' dir='ltr'><strong>eonditus,</strong></span> <span class='ocrx_word' id='word_1_115' title='bbox 374 1213 408 1276; x_wconf 95' lang='lat' dir='ltr'><strong>in</strong></span> <span class='ocrx_word' id='word_1_116' title='bbox 431 1211 549 1295; x_wconf 88' lang='lat' dir='ltr'><strong>gratia.</strong></span> <span class='ocrx_word' id='word_1_117' title='bbox 593 1208 667 1275; x_wconf 86' lang='lat' dir='ltr'><strong>Hau</strong></span> <span class='ocrx_word' id='word_1_118' title='bbox 689 1219 747 1287; x_wconf 88' lang='lat' dir='ltr'><strong>est,</strong></span> <span class='ocrx_word' id='word_1_119' title='bbox 778 1229 837 1293; x_wconf 90' lang='lat' dir='ltr'><strong>pro</strong></span> <span class='ocrx_word' id='word_1_120' title='bbox 859 1208 1056 1274; x_wconf 75' lang='lat' dir='ltr'><strong>dexteritate</strong></span> <span class='ocrx_word' id='word_1_121' title='bbox 1085 1228 1167 1292; x_wconf 90' lang='lat' dir='ltr'><strong>quae</strong></span> <span class='ocrx_word' id='word_1_122' title='bbox 1218 1206 1283 1271; x_wconf 93' lang='lat' dir='ltr'><strong>Dei</strong></span> <span class='ocrx_word' id='word_1_123' title='bbox 1305 1206 1480 1272; x_wconf 73' lang='lat' dir='ltr'><strong>autoritate</strong></span> <span class='ocrx_word' id='word_1_124' title='bbox 1509 1208 1689 1275; x_wconf 77' lang='lat' dir='ltr'><strong>confirmet.</strong></span> <span class='ocrx_word' id='word_1_125' title='bbox 1732 1209 1765 1274; x_wconf 89' lang='lat' dir='ltr'>A</span> <span class='ocrx_word' id='word_1_126' title='bbox 1784 1211 1914 1276; x_wconf 91' lang='lat' dir='ltr'><strong>maritis</strong></span> <span class='ocrx_word' id='word_1_127' title='bbox 1940 1212 2078 1294; x_wconf 88' lang='lat' dir='ltr'><strong>requirit</strong></span> <span class='ocrx_word' id='word_1_128' title='bbox 2106 1231 2194 1277; x_wconf 86' lang='lat' dir='ltr'><strong>amo-</strong></span> 
     </span>
     <span class='ocr_line' id='line_1_11' title="bbox 191 1293 2192 1383; baseline 0 -21"><span class='ocrx_word' id='word_1_129' title='bbox 191 1305 287 1383; x_wconf 89' lang='lat' dir='ltr'><strong>grata</strong></span> <span class='ocrx_word' id='word_1_130' title='bbox 316 1296 369 1375; x_wconf 91' lang='lat' dir='ltr'><strong>sit,</strong></span> <span class='ocrx_word' id='word_1_131' title='bbox 402 1301 436 1362; x_wconf 87' lang='lat' dir='ltr'><strong>at</strong></span> <span class='ocrx_word' id='word_1_132' title='bbox 464 1316 524 1362; x_wconf 89' lang='lat' dir='ltr'><strong>sna</strong></span> <span class='ocrx_word' id='word_1_133' title='bbox 552 1295 695 1362; x_wconf 87' lang='lat' dir='ltr'><strong>utilitate</strong></span> <span class='ocrx_word' id='word_1_134' title='bbox 724 1295 849 1379; x_wconf 87' lang='lat' dir='ltr'><strong>plaaeat</strong></span> <span class='ocrx_word' id='word_1_135' title='bbox 879 1293 1097 1362; x_wconf 89' lang='lat' dir='ltr'><strong>auditoribus:</strong></span> <span class='ocrx_word' id='word_1_136' title='bbox 1131 1302 1168 1360; x_wconf 90' lang='lat' dir='ltr'><strong>ut</strong></span> <span class='ocrx_word' id='word_1_137' title='bbox 1219 1313 1297 1370; x_wconf 92' lang='lat' dir='ltr'><strong>rem,</strong></span> <span class='ocrx_word' id='word_1_138' title='bbox 1327 1296 1360 1357; x_wconf 85' lang='lat' dir='ltr'><strong>et</strong></span> <span class='ocrx_word' id='word_1_139' title='bbox 1383 1313 1423 1357; x_wconf 91' lang='lat' dir='ltr'><strong>ne</strong></span> <span class='ocrx_word' id='word_1_140' title='bbox 1445 1293 1512 1357; x_wconf 91' lang='lat' dir='ltr'><strong>sint</strong></span> <span class='ocrx_word' id='word_1_141' title='bbox 1533 1293 1746 1359; x_wconf 84' lang='lat' dir='ltr'><strong>amarulenti:</strong></span> <span class='ocrx_word' id='word_1_142' title='bbox 1776 1296 1852 1378; x_wconf 90' lang='lat' dir='ltr'><strong>qnia</strong></span> <span class='ocrx_word' id='word_1_143' title='bbox 1874 1297 2055 1378; x_wconf 89' lang='lat' dir='ltr'><strong>perieulum</strong></span> <span class='ocrx_word' id='word_1_144' title='bbox 2078 1307 2129 1363; x_wconf 87' lang='lat' dir='ltr'><strong>ast</strong></span> <span class='ocrx_word' id='word_1_145' title='bbox 2150 1319 2192 1363; x_wconf 91' lang='lat' dir='ltr'><strong>ne</strong></span> 
     </span>
     <span class='ocr_line' id='line_1_12' title="bbox 188 1377 1941 1469; baseline -0.001 -21"><span class='ocrx_word' id='word_1_146' title='bbox 188 1390 373 1469; x_wconf 88' lang='lat' dir='ltr'><strong>opponatur</strong></span> <span class='ocrx_word' id='word_1_147' title='bbox 394 1381 585 1448; x_wconf 88' lang='lat' dir='ltr'><strong>saurrilitati</strong></span> <span class='ocrx_word' id='word_1_148' title='bbox 608 1390 642 1446; x_wconf 91' lang='lat' dir='ltr'><strong>et</strong></span> <span class='ocrx_word' id='word_1_149' title='bbox 663 1381 825 1447; x_wconf 78' lang='lat' dir='ltr'><strong>similibus</strong></span> <span class='ocrx_word' id='word_1_150' title='bbox 846 1380 988 1465; x_wconf 92' lang='lat' dir='ltr'><strong>ineptiis.</strong></span> <span class='ocrx_word' id='word_1_151' title='bbox 1219 1377 1356 1462; x_wconf 89' lang='lat' dir='ltr'><strong>imperio</strong></span> <span class='ocrx_word' id='word_1_152' title='bbox 1378 1396 1438 1442; x_wconf 91' lang='lat' dir='ltr'><strong>sno</strong></span> <span class='ocrx_word' id='word_1_153' title='bbox 1459 1377 1638 1444; x_wconf 87' lang='lat' dir='ltr'><strong>abutantur</strong></span> <span class='ocrx_word' id='word_1_154' title='bbox 1659 1379 1700 1446; x_wconf 93' lang='lat' dir='ltr'><strong>ad</strong></span> <span class='ocrx_word' id='word_1_155' title='bbox 1724 1381 1941 1465; x_wconf 87' lang='lat' dir='ltr'><strong>tyrannidem.</strong></span> 
     </span>
    </p>

    <p class='ocr_par' dir='ltr' id='par_1_3' title="bbox 186 1461 2195 3442">
     <span class='ocr_line' id='line_1_13' title="bbox 278 1461 2194 1554; baseline -0.001 -19"><span class='ocrx_word' id='word_1_156' title='bbox 278 1467 430 1535; x_wconf 80' lang='lat' dir='ltr'><strong>Cereatae</strong></span> <span class='ocrx_word' id='word_1_157' title='bbox 447 1468 483 1533; x_wconf 86' lang='lat' dir='ltr'><strong>ia</strong></span> <span class='ocrx_word' id='word_1_158' title='bbox 500 1464 654 1533; x_wconf 69' lang='lat' dir='ltr'><strong>nudibus.</strong></span> <span class='ocrx_word' id='word_1_159' title='bbox 698 1465 770 1532; x_wconf 84' lang='lat' dir='ltr'><strong>Hos</strong></span> <span class='ocrx_word' id='word_1_160' title='bbox 783 1466 825 1532; x_wconf 88' lang='lat' dir='ltr'><strong>ad</strong></span> <span class='ocrx_word' id='word_1_161' title='bbox 843 1465 995 1532; x_wconf 82' lang='lat' dir='ltr'><strong>affectum</strong></span> <span class='ocrx_word' id='word_1_162' title='bbox 1013 1466 1166 1549; x_wconf 82' lang='lat' dir='ltr'><strong>pertinet.</strong></span> <span class='ocrx_word' id='word_1_163' title='bbox 1304 1461 1356 1530; x_wconf 82' lang='lat'><strong>20.</strong></span> <span class='ocrx_word' id='word_1_164' title='bbox 1379 1461 1463 1529; x_wconf 82' lang='lat' dir='ltr'><strong>Filii</strong></span> <span class='ocrx_word' id='word_1_165' title='bbox 1489 1463 1623 1531; x_wconf 70' lang='lat' dir='ltr'><strong>madia</strong></span> <span class='ocrx_word' id='word_1_166' title='bbox 1638 1465 1833 1549; x_wconf 81' lang='lat' dir='ltr'><strong>pareatibus.</strong></span> <span class='ocrx_word' id='word_1_167' title='bbox 1887 1467 2020 1534; x_wconf 83' lang='lat' dir='ltr'><strong>Liberis</strong></span> <span class='ocrx_word' id='word_1_168' title='bbox 2051 1469 2194 1554; x_wconf 86' lang='lat' dir='ltr'><strong>iniungit</strong></span> 
     </span>
     <span class='ocr_line' id='line_1_14' title="bbox 188 1549 2194 1637; baseline -0.002 -14"><span class='ocrx_word' id='word_1_169' title='bbox 188 1555 274 1623; x_wconf 83' lang='lat' dir='ltr'><strong>Nam</strong></span> <span class='ocrx_word' id='word_1_170' title='bbox 297 1554 393 1621; x_wconf 83' lang='lat' dir='ltr'><strong>aienti</strong></span> <span class='ocrx_word' id='word_1_171' title='bbox 416 1553 496 1620; x_wconf 89' lang='lat' dir='ltr'><strong>alios</strong></span> <span class='ocrx_word' id='word_1_172' title='bbox 518 1553 663 1636; x_wconf 86' lang='lat' dir='ltr'><strong>innitere,</strong></span> <span class='ocrx_word' id='word_1_173' title='bbox 685 1552 730 1617; x_wconf 90' lang='lat' dir='ltr'><strong>ita</strong></span> <span class='ocrx_word' id='word_1_174' title='bbox 749 1553 846 1618; x_wconf 88' lang='lat' dir='ltr'><strong>etiam</strong></span> <span class='ocrx_word' id='word_1_175' title='bbox 869 1573 912 1617; x_wconf 90' lang='lat' dir='ltr'><strong>ex</strong></span> <span class='ocrx_word' id='word_1_176' title='bbox 929 1549 1028 1618; x_wconf 88' lang='lat' dir='ltr'><strong>eorde</strong></span> <span class='ocrx_word' id='word_1_177' title='bbox 1049 1570 1167 1618; x_wconf 85' lang='lat' dir='ltr'><strong>uenere</strong></span> <span class='ocrx_word' id='word_1_178' title='bbox 1219 1556 1256 1614; x_wconf 91' lang='lat' dir='ltr'><strong>ut</strong></span> <span class='ocrx_word' id='word_1_179' title='bbox 1282 1549 1352 1614; x_wconf 90' lang='lat' dir='ltr'><strong>sine</strong></span> <span class='ocrx_word' id='word_1_180' title='bbox 1380 1549 1571 1634; x_wconf 87' lang='lat' dir='ltr'><strong>exeeptione</strong></span> <span class='ocrx_word' id='word_1_181' title='bbox 1593 1551 1766 1618; x_wconf 88' lang='lat' dir='ltr'><strong>oboediant</strong></span> <span class='ocrx_word' id='word_1_182' title='bbox 1787 1553 1856 1619; x_wconf 88' lang='lat' dir='ltr'><strong>suis</strong></span> <span class='ocrx_word' id='word_1_183' title='bbox 1883 1555 2083 1637; x_wconf 88' lang='lat' dir='ltr'><strong>parentibus.</strong></span> <span class='ocrx_word' id='word_1_184' title='bbox 2127 1553 2194 1623; x_wconf 81' lang='lat' dir='ltr'><strong>Sed</strong></span> 
     </span>
     <span class='ocr_line' id='line_1_15' title="bbox 191 1635 2194 1725; baseline 0 -17"><span class='ocrx_word' id='word_1_185' title='bbox 191 1641 363 1720; x_wconf 77' lang='lat' dir='ltr'><strong>debemm,</strong></span> <span class='ocrx_word' id='word_1_186' title='bbox 401 1660 443 1704; x_wconf 92' lang='lat' dir='ltr'><strong>ne</strong></span> <span class='ocrx_word' id='word_1_187' title='bbox 482 1640 526 1705; x_wconf 89' lang='lat' dir='ltr'><strong>sit</strong></span> <span class='ocrx_word' id='word_1_188' title='bbox 564 1647 721 1704; x_wconf 84' lang='lat' dir='ltr'><strong>externus</strong></span> <span class='ocrx_word' id='word_1_189' title='bbox 762 1636 923 1703; x_wconf 85' lang='lat' dir='ltr'><strong>duntaxat</strong></span> <span class='ocrx_word' id='word_1_190' title='bbox 956 1637 1023 1702; x_wconf 90' lang='lat' dir='ltr'><strong>orie</strong></span> <span class='ocrx_word' id='word_1_191' title='bbox 1055 1656 1167 1703; x_wconf 87' lang='lat' dir='ltr'><strong>sonna.</strong></span> <span class='ocrx_word' id='word_1_192' title='bbox 1219 1635 1295 1719; x_wconf 91' lang='lat' dir='ltr'><strong>qnid</strong></span> <span class='ocrx_word' id='word_1_193' title='bbox 1318 1636 1347 1700; x_wconf 90' lang='lat' dir='ltr'><strong>ei</strong></span> <span class='ocrx_word' id='word_1_194' title='bbox 1370 1645 1523 1717; x_wconf 87' lang='lat' dir='ltr'><strong>parentes</strong></span> <span class='ocrx_word' id='word_1_195' title='bbox 1552 1639 1593 1701; x_wconf 90' lang='lat' dir='ltr'><strong>ad</strong></span> <span class='ocrx_word' id='word_1_196' title='bbox 1616 1635 1766 1704; x_wconf 86' lang='lat' dir='ltr'><strong>illinitum</strong></span> <span class='ocrx_word' id='word_1_197' title='bbox 1789 1637 1954 1723; x_wconf 89' lang='lat' dir='ltr'><strong>quidpiam</strong></span> <span class='ocrx_word' id='word_1_198' title='bbox 1986 1639 2118 1725; x_wconf 88' lang='lat' dir='ltr'><strong>adigere</strong></span> <span class='ocrx_word' id='word_1_199' title='bbox 2138 1661 2194 1708; x_wconf 87' lang='lat' dir='ltr'><strong>eoa</strong></span> 
     </span>
     <span class='ocr_line' id='line_1_16' title="bbox 187 1720 2191 1811; baseline -0.002 -18"><span class='ocrx_word' id='word_1_200' title='bbox 187 1725 398 1811; x_wconf 77' lang='lat' dir='ltr'><strong>Quamquam</strong></span> <span class='ocrx_word' id='word_1_201' title='bbox 426 1743 491 1788; x_wconf 93' lang='lat' dir='ltr'><strong>non</strong></span> <span class='ocrx_word' id='word_1_202' title='bbox 519 1724 567 1790; x_wconf 89' lang='lat' dir='ltr'><strong>ita</strong></span> <span class='ocrx_word' id='word_1_203' title='bbox 593 1722 815 1808; x_wconf 84' lang='lat' dir='ltr'><strong>aoaipiendnm</strong></span> <span class='ocrx_word' id='word_1_204' title='bbox 839 1732 899 1804; x_wconf 89' lang='lat' dir='ltr'><strong>est,</strong></span> <span class='ocrx_word' id='word_1_205' title='bbox 927 1742 966 1789; x_wconf 90' lang='lat' dir='ltr'><strong>ao</strong></span> <span class='ocrx_word' id='word_1_206' title='bbox 993 1723 1021 1789; x_wconf 91' lang='lat' dir='ltr'><strong>si</strong></span> <span class='ocrx_word' id='word_1_207' title='bbox 1051 1743 1167 1789; x_wconf 89' lang='lat' dir='ltr'><strong>unum·</strong></span> <span class='ocrx_word' id='word_1_208' title='bbox 1220 1720 1340 1786; x_wconf 87' lang='lat' dir='ltr'><strong>velint:</strong></span> <span class='ocrx_word' id='word_1_209' title='bbox 1373 1740 1416 1785; x_wconf 93' lang='lat' dir='ltr'><strong>an</strong></span> <span class='ocrx_word' id='word_1_210' title='bbox 1448 1722 1520 1787; x_wconf 91' lang='lat' dir='ltr'><strong>sine</strong></span> <span class='ocrx_word' id='word_1_211' title='bbox 1543 1721 1732 1790; x_wconf 87' lang='lat' dir='ltr'><strong>diserimine</strong></span> <span class='ocrx_word' id='word_1_212' title='bbox 1760 1725 1859 1789; x_wconf 89' lang='lat' dir='ltr'><strong>etiam</strong></span> <span class='ocrx_word' id='word_1_213' title='bbox 1892 1732 1973 1792; x_wconf 90' lang='lat' dir='ltr'><strong>tune</strong></span> <span class='ocrx_word' id='word_1_214' title='bbox 2005 1725 2191 1809; x_wconf 81' lang='lat' dir='ltr'><strong>parebunt?</strong></span> 
     </span>
     <span class='ocr_line' id='line_1_17' title="bbox 189 1806 2192 1898; baseline -0 -20"><span class='ocrx_word' id='word_1_215' title='bbox 189 1832 350 1898; x_wconf 90' lang='lat' dir='ltr'><strong>quemque</strong></span> <span class='ocrx_word' id='word_1_216' title='bbox 379 1811 440 1876; x_wconf 89' lang='lat' dir='ltr'><strong>sibi</strong></span> <span class='ocrx_word' id='word_1_217' title='bbox 471 1811 562 1876; x_wconf 90' lang='lat' dir='ltr'><strong>intus</strong></span> <span class='ocrx_word' id='word_1_218' title='bbox 585 1829 703 1876; x_wconf 88' lang='lat' dir='ltr'><strong>aanere</strong></span> <span class='ocrx_word' id='word_1_219' title='bbox 731 1809 872 1875; x_wconf 89' lang='lat' dir='ltr'><strong>iuberet:</strong></span> <span class='ocrx_word' id='word_1_220' title='bbox 904 1807 961 1874; x_wconf 89' lang='lat' dir='ltr'><strong>sed</strong></span> <span class='ocrx_word' id='word_1_221' title='bbox 974 1855 977 1861; x_wconf 82' lang='lat'><em>-</em></span> <span class='ocrx_word' id='word_1_222' title='bbox 991 1819 1168 1891; x_wconf 88' lang='lat' dir='ltr'><strong>utrumque</strong></span> <span class='ocrx_word' id='word_1_223' title='bbox 1220 1807 1323 1889; x_wconf 81' lang='lat' dir='ltr'><strong>Atqui</strong></span> <span class='ocrx_word' id='word_1_224' title='bbox 1355 1806 1530 1890; x_wconf 90' lang='lat' dir='ltr'><strong>plusquam</strong></span> <span class='ocrx_word' id='word_1_225' title='bbox 1563 1808 1736 1894; x_wconf 89' lang='lat' dir='ltr'><strong>indignum</strong></span> <span class='ocrx_word' id='word_1_226' title='bbox 1769 1808 1864 1891; x_wconf 78' lang='lat' dir='ltr'><strong>toret,</strong></span> <span class='ocrx_word' id='word_1_227' title='bbox 1919 1809 2083 1878; x_wconf 90' lang='lat' dir='ltr'><strong>osthabito</strong></span> <span class='ocrx_word' id='word_1_228' title='bbox 2109 1809 2192 1891; x_wconf 91' lang='lat' dir='ltr'><strong>Deo,</strong></span> 
     </span>
     <span class='ocr_line' id='line_1_18' title="bbox 186 1891 2193 1980; baseline -0.001 -14"><span class='ocrx_word' id='word_1_229' title='bbox 186 1897 261 1966; x_wconf 80' lang='lat' dir='ltr'><strong>vult</strong></span> <span class='ocrx_word' id='word_1_230' title='bbox 282 1896 448 1980; x_wconf 87' lang='lat' dir='ltr'><strong>ooniungi,</strong></span> <span class='ocrx_word' id='word_1_231' title='bbox 470 1895 561 1961; x_wconf 82' lang='lat' dir='ltr'><strong>medo</strong></span> <span class='ocrx_word' id='word_1_232' title='bbox 582 1895 677 1961; x_wconf 85' lang='lat' dir='ltr'><strong>eorda</strong></span> <span class='ocrx_word' id='word_1_233' title='bbox 697 1894 829 1978; x_wconf 77' lang='lat' dir='ltr'><strong>linquas</strong></span> <span class='ocrx_word' id='word_1_234' title='bbox 845 1900 1009 1976; x_wconf 68' lang='grc' dir='ltr'>ριαειαιι.</span> <span class='ocrx_word' id='word_1_235' title='bbox 1220 1891 1391 1958; x_wconf 91' lang='lat' dir='ltr'><strong>hominum</strong></span> <span class='ocrx_word' id='word_1_236' title='bbox 1422 1893 1630 1959; x_wconf 86' lang='lat' dir='ltr'><strong>autoritatem</strong></span> <span class='ocrx_word' id='word_1_237' title='bbox 1661 1894 1857 1978; x_wconf 82' lang='lat' dir='ltr'><strong>praevalere.</strong></span> <span class='ocrx_word' id='word_1_238' title='bbox 1975 1896 2110 1980; x_wconf 91' lang='lat' dir='ltr'><strong>pondeo,</strong></span> <span class='ocrx_word' id='word_1_239' title='bbox 2138 1896 2193 1964; x_wconf 91' lang='lat' dir='ltr'><strong>hio</strong></span> 
     </span>
     <span class='ocr_line' id='line_1_19' title="bbox 188 1977 2193 2088; baseline 0 -41"><span class='ocrx_word' id='word_1_240' title='bbox 188 2070 198 2088; x_wconf 30' lang='grc' dir='ltr'>ι</span> <span class='ocrx_word' id='word_1_241' title='bbox 275 1982 327 2047; x_wconf 85' lang='grc'><strong>17.</strong></span> <span class='ocrx_word' id='word_1_242' title='bbox 354 1980 412 2082; x_wconf 36' lang='grc' dir='ltr'><strong>Εἰ.</strong></span> <span class='ocrx_word' id='word_1_243' title='bbox 430 1981 585 2080; x_wconf 78' lang='lat' dir='ltr'><strong>quidquid</strong></span> <span class='ocrx_word' id='word_1_244' title='bbox 604 1981 763 2082; x_wconf 36' lang='lat' dir='ltr'><strong>&#39;fueritin</strong></span> <span class='ocrx_word' id='word_1_245' title='bbox 806 1978 901 2081; x_wconf 80' lang='lat' dir='ltr'><strong>Haeo¹</strong></span> <span class='ocrx_word' id='word_1_246' title='bbox 934 1989 968 2045; x_wconf 88' lang='lat' dir='ltr'><strong>et</strong></span> <span class='ocrx_word' id='word_1_247' title='bbox 1000 1980 1169 2083; x_wconf 80' lang='lat' dir='ltr'><strong>superiora</strong></span> <span class='ocrx_word' id='word_1_248' title='bbox 1220 1977 1627 2080; x_wconf 73' lang='lat' dir='ltr'><strong>quoqnesnbaudiendum</strong></span> <span class='ocrx_word' id='word_1_249' title='bbox 1655 2001 1733 2081; x_wconf 39' lang='lat' dir='ltr'><strong>esse·</strong></span> <span class='ocrx_word' id='word_1_250' title='bbox 1748 1980 1832 2063; x_wconf 92' lang='lat' dir='ltr'><strong>quod</strong></span> <span class='ocrx_word' id='word_1_251' title='bbox 1861 1982 1938 2048; x_wconf 87' lang='lat' dir='ltr'><strong>alibi</strong></span> <span class='ocrx_word' id='word_1_252' title='bbox 1960 1981 2098 2068; x_wconf 74' lang='lat' dir='ltr'><strong>(liphne.</strong></span> <span class='ocrx_word' id='word_1_253' title='bbox 2112 1982 2144 2066; x_wconf 89' lang='grc'><strong>6,</strong></span> <span class='ocrx_word' id='word_1_254' title='bbox 2160 1982 2193 2084; x_wconf 79' lang='lat' dir='ltr'><strong>l)</strong></span> 
     </span>
     <span class='ocr_line' id='line_1_20' title="bbox 188 2064 2194 2237; baseline -0.001 -15"><span class='ocrx_word' id='word_1_255' title='bbox 188 2086 538 2222; x_wconf 50' lang='lat' dir='ltr'><strong>‘ettilttttl</strong></span> <span class='ocrx_word' id='word_1_256' title='bbox 555 2066 764 2218; x_wconf 62' lang='lat' dir='ltr'><strong>illitis.ad</strong></span> <span class='ocrx_word' id='word_1_257' title='bbox 780 2065 1171 2236; x_wconf 65' lang='lat' dir='ltr'><strong>itlt⁸¹tt¹¹lttltt</strong></span> <span class='ocrx_word' id='word_1_258' title='bbox 1220 2064 2194 2237; x_wconf 57' lang='lat' dir='ltr'><strong>ttttltittttlt”titt:ttittftttttttt</strong></span> 
     </span>
     <span class='ocr_line' id='line_1_21' title="bbox 191 2235 2195 2323; baseline 0 -17"><span class='ocrx_word' id='word_1_259' title='bbox 191 2241 232 2307; x_wconf 96' lang='lat' dir='ltr'><strong>de</strong></span> <span class='ocrx_word' id='word_1_260' title='bbox 265 2239 463 2307; x_wconf 80' lang='lat' dir='ltr'><strong>christianae</strong></span> <span class='ocrx_word' id='word_1_261' title='bbox 498 2239 586 2304; x_wconf 88' lang='lat' dir='ltr'><strong>vitae</strong></span> <span class='ocrx_word' id='word_1_262' title='bbox 618 2237 769 2321; x_wconf 75' lang='lat' dir='ltr'><strong>partibus</strong></span> <span class='ocrx_word' id='word_1_263' title='bbox 799 2238 968 2319; x_wconf 79' lang='lat' dir='ltr'><strong>disserere,</strong></span> <span class='ocrx_word' id='word_1_264' title='bbox 1000 2250 1032 2305; x_wconf 94' lang='lat' dir='ltr'><strong>et</strong></span> <span class='ocrx_word' id='word_1_265' title='bbox 1066 2258 1170 2322; x_wconf 90' lang='lat' dir='ltr'><strong>panoa</strong></span> <span class='ocrx_word' id='word_1_266' title='bbox 1220 2255 1285 2300; x_wconf 91' lang='lat' dir='ltr'><strong>non</strong></span> <span class='ocrx_word' id='word_1_267' title='bbox 1307 2235 1404 2300; x_wconf 87' lang='lat' dir='ltr'><strong>iustis</strong></span> <span class='ocrx_word' id='word_1_268' title='bbox 1426 2243 1555 2301; x_wconf 90' lang='lat' dir='ltr'><strong>tantum</strong></span> <span class='ocrx_word' id='word_1_269' title='bbox 1586 2237 1729 2321; x_wconf 91' lang='lat' dir='ltr'><strong>imperiis</strong></span> <span class='ocrx_word' id='word_1_270' title='bbox 1759 2237 1994 2304; x_wconf 90' lang='lat' dir='ltr'><strong>oboediendum</strong></span> <span class='ocrx_word' id='word_1_271' title='bbox 2024 2259 2104 2323; x_wconf 89' lang='lat' dir='ltr'><strong>esse,</strong></span> <span class='ocrx_word' id='word_1_272' title='bbox 2137 2239 2195 2306; x_wconf 87' lang='lat' dir='ltr'><strong>sed</strong></span> 
     </span>
     <span class='ocr_line' id='line_1_22' title="bbox 195 2320 2194 2409; baseline -0.001 -17"><span class='ocrx_word' id='word_1_273' title='bbox 195 2336 323 2393; x_wconf 89' lang='lat' dir='ltr'><strong>tantum</strong></span> <span class='ocrx_word' id='word_1_274' title='bbox 358 2333 532 2408; x_wconf 85' lang='lat' dir='ltr'><strong>praecepta</strong></span> <span class='ocrx_word' id='word_1_275' title='bbox 564 2324 727 2408; x_wconf 82' lang='lat' dir='ltr'><strong>attigerat,</strong></span> <span class='ocrx_word' id='word_1_276' title='bbox 760 2323 859 2390; x_wconf 91' lang='lat' dir='ltr'><strong>nimis</strong></span> <span class='ocrx_word' id='word_1_277' title='bbox 891 2334 1001 2390; x_wconf 89' lang='lat' dir='ltr'><strong>autern</strong></span> <span class='ocrx_word' id='word_1_278' title='bbox 1033 2324 1168 2409; x_wconf 87' lang='lat' dir='ltr'><strong>longum</strong></span> <span class='ocrx_word' id='word_1_279' title='bbox 1219 2321 1317 2386; x_wconf 88' lang='lat' dir='ltr'><strong>etiam</strong></span> <span class='ocrx_word' id='word_1_280' title='bbox 1347 2320 1478 2404; x_wconf 89' lang='lat' dir='ltr'><strong>iniquis.</strong></span> <span class='ocrx_word' id='word_1_281' title='bbox 1522 2321 1620 2388; x_wconf 86' lang='lat' dir='ltr'><strong>Multi</strong></span> <span class='ocrx_word' id='word_1_282' title='bbox 1649 2323 1736 2389; x_wconf 89' lang='lat' dir='ltr'><strong>enim</strong></span> <span class='ocrx_word' id='word_1_283' title='bbox 1766 2324 1813 2389; x_wconf 89' lang='lat' dir='ltr'><strong>ita</strong></span> <span class='ocrx_word' id='word_1_284' title='bbox 1840 2323 1972 2389; x_wconf 92' lang='lat' dir='ltr'><strong>demum</strong></span> <span class='ocrx_word' id='word_1_285' title='bbox 2003 2325 2194 2408; x_wconf 84' lang='lat' dir='ltr'><strong>parentibus</strong></span> 
     </span>
     <span class='ocr_line' id='line_1_23' title="bbox 191 2407 2193 2494; baseline -0.001 -14"><span class='ocrx_word' id='word_1_286' title='bbox 191 2413 309 2480; x_wconf 80' lang='lat' dir='ltr'><strong>fuisset</strong></span> <span class='ocrx_word' id='word_1_287' title='bbox 330 2409 498 2494; x_wconf 80' lang='lat' dir='ltr'><strong>sigillatim</strong></span> <span class='ocrx_word' id='word_1_288' title='bbox 527 2409 652 2493; x_wconf 91' lang='lat' dir='ltr'><strong>reliqua</strong></span> <span class='ocrx_word' id='word_1_289' title='bbox 681 2409 847 2494; x_wconf 87' lang='lat' dir='ltr'><strong>persequi:</strong></span> <span class='ocrx_word' id='word_1_290' title='bbox 879 2410 952 2475; x_wconf 90' lang='lat' dir='ltr'><strong>ideo</strong></span> <span class='ocrx_word' id='word_1_291' title='bbox 981 2412 1168 2476; x_wconf 88' lang='lat' dir='ltr'><strong>summatim</strong></span> <span class='ocrx_word' id='word_1_292' title='bbox 1220 2427 1255 2471; x_wconf 92' lang='lat' dir='ltr'><strong>se</strong></span> <span class='ocrx_word' id='word_1_293' title='bbox 1278 2407 1436 2489; x_wconf 86' lang='lat' dir='ltr'><strong>praebent</strong></span> <span class='ocrx_word' id='word_1_294' title='bbox 1457 2409 1647 2492; x_wconf 84' lang='lat' dir='ltr'><strong>morigeros,</strong></span> <span class='ocrx_word' id='word_1_295' title='bbox 1676 2410 1702 2473; x_wconf 90' lang='lat' dir='ltr'><strong>si</strong></span> <span class='ocrx_word' id='word_1_296' title='bbox 1726 2430 1827 2493; x_wconf 82' lang='lat' dir='ltr'><strong>grave</strong></span> <span class='ocrx_word' id='word_1_297' title='bbox 1853 2409 1916 2476; x_wconf 88' lang='lat' dir='ltr'><strong>sibi</strong></span> <span class='ocrx_word' id='word_1_298' title='bbox 1937 2417 1994 2475; x_wconf 85' lang='lat' dir='ltr'><strong>aut</strong></span> <span class='ocrx_word' id='word_1_299' title='bbox 2015 2411 2193 2477; x_wconf 88' lang='lat' dir='ltr'><strong>inoommo·</strong></span> 
     </span>
     <span class='ocr_line' id='line_1_24' title="bbox 192 2491 2194 2581; baseline -0.002 -15"><span class='ocrx_word' id='word_1_300' title='bbox 192 2494 368 2576; x_wconf 90' lang='lat' dir='ltr'><strong>aanoludit,</strong></span> <span class='ocrx_word' id='word_1_301' title='bbox 393 2496 440 2562; x_wconf 91' lang='lat' dir='ltr'><strong>sio</strong></span> <span class='ocrx_word' id='word_1_302' title='bbox 461 2495 693 2561; x_wconf 89' lang='lat' dir='ltr'><strong>instituendam</strong></span> <span class='ocrx_word' id='word_1_303' title='bbox 721 2515 791 2561; x_wconf 86' lang='lat' dir='ltr'><strong>esee</strong></span> <span class='ocrx_word' id='word_1_304' title='bbox 815 2498 925 2576; x_wconf 84' lang='lat' dir='ltr'><strong>eitam,</strong></span> <span class='ocrx_word' id='word_1_305' title='bbox 954 2504 991 2561; x_wconf 92' lang='grc' dir='ltr'><strong>ιιι</strong></span> <span class='ocrx_word' id='word_1_306' title='bbox 1013 2495 1168 2580; x_wconf 89' lang='lat' dir='ltr'><strong>quidquid</strong></span> <span class='ocrx_word' id='word_1_307' title='bbox 1220 2491 1299 2556; x_wconf 90' lang='lat' dir='ltr'><strong>dum</strong></span> <span class='ocrx_word' id='word_1_308' title='bbox 1320 2513 1385 2557; x_wconf 92' lang='lat' dir='ltr'><strong>non</strong></span> <span class='ocrx_word' id='word_1_309' title='bbox 1407 2493 1516 2560; x_wconf 82' lang='lat' dir='ltr'><strong>fuerit.</strong></span> <span class='ocrx_word' id='word_1_310' title='bbox 1560 2495 1660 2578; x_wconf 91' lang='lat' dir='ltr'><strong>Atqui</strong></span> <span class='ocrx_word' id='word_1_311' title='bbox 1691 2495 1754 2560; x_wconf 89' lang='lat' dir='ltr'><strong>boa</strong></span> <span class='ocrx_word' id='word_1_312' title='bbox 1775 2517 1877 2561; x_wconf 91' lang='lat' dir='ltr'><strong>anum</strong></span> <span class='ocrx_word' id='word_1_313' title='bbox 1904 2496 2049 2581; x_wconf 85' lang='lat' dir='ltr'><strong>negitare</strong></span> <span class='ocrx_word' id='word_1_314' title='bbox 2075 2496 2194 2562; x_wconf 89' lang='lat' dir='ltr'><strong>debent</strong></span> 
     </span>
     <span class='ocr_line' id='line_1_25' title="bbox 191 2577 2194 2667; baseline -0.002 -17"><span class='ocrx_word' id='word_1_315' title='bbox 191 2585 332 2651; x_wconf 83' lang='lat' dir='ltr'><strong>dicimus</strong></span> <span class='ocrx_word' id='word_1_316' title='bbox 362 2591 420 2647; x_wconf 91' lang='lat' dir='ltr'><strong>aut</strong></span> <span class='ocrx_word' id='word_1_317' title='bbox 449 2581 598 2648; x_wconf 85' lang='lat' dir='ltr'><strong>lauimus.</strong></span> <span class='ocrx_word' id='word_1_318' title='bbox 629 2580 692 2644; x_wconf 89' lang='lat' dir='ltr'><strong>hoo</strong></span> <span class='ocrx_word' id='word_1_319' title='bbox 720 2592 823 2645; x_wconf 90' lang='lat' dir='ltr'><strong>totum</strong></span> <span class='ocrx_word' id='word_1_320' title='bbox 855 2593 987 2667; x_wconf 90' lang='lat' dir='ltr'><strong>regetur</strong></span> <span class='ocrx_word' id='word_1_321' title='bbox 1017 2583 1169 2664; x_wconf 89' lang='lat' dir='ltr'><strong>auspioiis</strong></span> <span class='ocrx_word' id='word_1_322' title='bbox 1221 2577 1292 2662; x_wconf 89' lang='lat' dir='ltr'><strong>filii,</strong></span> <span class='ocrx_word' id='word_1_323' title='bbox 1321 2578 1561 2663; x_wconf 87' lang='lat' dir='ltr'><strong>qualesennque</strong></span> <span class='ocrx_word' id='word_1_324' title='bbox 1589 2581 1674 2646; x_wconf 88' lang='lat' dir='ltr'><strong>neoti</strong></span> <span class='ocrx_word' id='word_1_325' title='bbox 1704 2581 1772 2646; x_wconf 91' lang='lat' dir='ltr'><strong>sint</strong></span> <span class='ocrx_word' id='word_1_326' title='bbox 1801 2589 1963 2664; x_wconf 89' lang='lat' dir='ltr'><strong>parentes,</strong></span> <span class='ocrx_word' id='word_1_327' title='bbox 1997 2602 2052 2647; x_wconf 90' lang='lat' dir='ltr'><strong>eos</strong></span> <span class='ocrx_word' id='word_1_328' title='bbox 2082 2590 2194 2648; x_wconf 86' lang='lat' dir='ltr'><strong>tamen</strong></span> 
     </span>
     <span class='ocr_line' id='line_1_26' title="bbox 192 2662 2194 2751; baseline -0.001 -13"><span class='ocrx_word' id='word_1_329' title='bbox 192 2668 330 2746; x_wconf 79' lang='lat' dir='ltr'><strong>Christi,</strong></span> <span class='ocrx_word' id='word_1_330' title='bbox 364 2679 397 2732; x_wconf 92' lang='lat' dir='ltr'><strong>et</strong></span> <span class='ocrx_word' id='word_1_331' title='bbox 419 2668 452 2731; x_wconf 91' lang='lat' dir='ltr'><strong>in</strong></span> <span class='ocrx_word' id='word_1_332' title='bbox 475 2667 546 2733; x_wconf 90' lang='lat' dir='ltr'><strong>eins</strong></span> <span class='ocrx_word' id='word_1_333' title='bbox 568 2666 704 2750; x_wconf 89' lang='lat' dir='ltr'><strong>gloriam</strong></span> <span class='ocrx_word' id='word_1_334' title='bbox 729 2675 884 2750; x_wconf 88' lang='lat' dir='ltr'><strong>tanquam</strong></span> <span class='ocrx_word' id='word_1_335' title='bbox 908 2670 941 2744; x_wconf 88' lang='lat' dir='ltr'><strong>in</strong></span> <span class='ocrx_word' id='word_1_336' title='bbox 963 2686 1094 2748; x_wconf 90' lang='lat' dir='ltr'><strong>soopum</strong></span> <span class='ocrx_word' id='word_1_337' title='bbox 1119 2689 1169 2733; x_wconf 89' lang='lat' dir='ltr'><strong>re·</strong></span> <span class='ocrx_word' id='word_1_338' title='bbox 1221 2662 1281 2728; x_wconf 89' lang='lat' dir='ltr'><strong>sibi</strong></span> <span class='ocrx_word' id='word_1_339' title='bbox 1303 2664 1478 2748; x_wconf 77' lang='lat' dir='ltr'><strong>contigisse</strong></span> <span class='ocrx_word' id='word_1_340' title='bbox 1501 2666 1564 2729; x_wconf 91' lang='lat' dir='ltr'><strong>Dei</strong></span> <span class='ocrx_word' id='word_1_341' title='bbox 1586 2666 1803 2749; x_wconf 78' lang='lat' dir='ltr'><strong>providentie,</strong></span> <span class='ocrx_word' id='word_1_342' title='bbox 1826 2668 1882 2751; x_wconf 92' lang='lat' dir='ltr'><strong>qni</strong></span> <span class='ocrx_word' id='word_1_343' title='bbox 1905 2667 1990 2734; x_wconf 90' lang='lat' dir='ltr'><strong>filios</strong></span> <span class='ocrx_word' id='word_1_344' title='bbox 2004 2668 2194 2750; x_wconf 82' lang='lat' dir='ltr'><strong>parentibus</strong></span> 
     </span>
     <span class='ocr_line' id='line_1_27' title="bbox 190 2747 2194 2840; baseline -0.002 -18"><span class='ocrx_word' id='word_1_345' title='bbox 190 2755 317 2840; x_wconf 87' lang='lat' dir='ltr'><strong>spiuiat.</strong></span> <span class='ocrx_word' id='word_1_346' title='bbox 365 2752 546 2820; x_wconf 85' lang='lat' dir='ltr'><strong>Oommode</strong></span> <span class='ocrx_word' id='word_1_347' title='bbox 569 2753 657 2817; x_wconf 89' lang='lat' dir='ltr'><strong>enim</strong></span> <span class='ocrx_word' id='word_1_348' title='bbox 680 2763 855 2834; x_wconf 88' lang='lat' dir='ltr'><strong>utrumque</strong></span> <span class='ocrx_word' id='word_1_349' title='bbox 876 2752 938 2819; x_wconf 91' lang='lat' dir='ltr'><strong>hoo</strong></span> <span class='ocrx_word' id='word_1_350' title='bbox 960 2752 1058 2819; x_wconf 87' lang='lat' dir='ltr'><strong>verbo</strong></span> <span class='ocrx_word' id='word_1_351' title='bbox 1080 2773 1168 2820; x_wconf 89' lang='lat' dir='ltr'><strong>eom·</strong></span> <span class='ocrx_word' id='word_1_352' title='bbox 1220 2747 1425 2816; x_wconf 88' lang='lat' dir='ltr'><strong>ordinatione</strong></span> <span class='ocrx_word' id='word_1_353' title='bbox 1457 2771 1516 2815; x_wconf 91' lang='lat' dir='ltr'><strong>sua</strong></span> <span class='ocrx_word' id='word_1_354' title='bbox 1545 2750 1686 2818; x_wconf 88' lang='lat' dir='ltr'><strong>subiieit.</strong></span> <span class='ocrx_word' id='word_1_355' title='bbox 1730 2753 1809 2819; x_wconf 89' lang='lat' dir='ltr'><strong>Par</strong></span> <span class='ocrx_word' id='word_1_356' title='bbox 1841 2755 1979 2819; x_wconf 92' lang='lat' dir='ltr'><strong>omnia</strong></span> <span class='ocrx_word' id='word_1_357' title='bbox 2010 2753 2124 2839; x_wconf 83' lang='lat' dir='ltr'><strong>igitur,</strong></span> <span class='ocrx_word' id='word_1_358' title='bbox 2157 2761 2194 2818; x_wconf 90' lang='lat' dir='ltr'><strong>nt</strong></span> 
     </span>
     <span class='ocr_line' id='line_1_28' title="bbox 190 2834 2195 2927; baseline 0 -21"><span class='ocrx_word' id='word_1_359' title='bbox 190 2840 450 2927; x_wconf 89' lang='lat' dir='ltr'><strong>prehendemus:</strong></span> <span class='ocrx_word' id='word_1_360' title='bbox 481 2858 597 2921; x_wconf 92' lang='lat' dir='ltr'><strong>nempe</strong></span> <span class='ocrx_word' id='word_1_361' title='bbox 624 2847 663 2902; x_wconf 92' lang='lat' dir='ltr'><strong>nt</strong></span> <span class='ocrx_word' id='word_1_362' title='bbox 691 2837 863 2903; x_wconf 86' lang='lat' dir='ltr'><strong>exordium</strong></span> <span class='ocrx_word' id='word_1_363' title='bbox 891 2839 932 2905; x_wconf 90' lang='lat' dir='ltr'><strong>ab</strong></span> <span class='ocrx_word' id='word_1_364' title='bbox 962 2840 1168 2905; x_wconf 82' lang='lat' dir='ltr'><strong>invocatione</strong></span> <span class='ocrx_word' id='word_1_365' title='bbox 1221 2834 1304 2899; x_wconf 90' lang='lat' dir='ltr'><strong>nihil</strong></span> <span class='ocrx_word' id='word_1_366' title='bbox 1334 2835 1546 2918; x_wconf 88' lang='lat' dir='ltr'><strong>quantumvis</strong></span> <span class='ocrx_word' id='word_1_367' title='bbox 1573 2837 1635 2903; x_wconf 91' lang='lat' dir='ltr'><strong>sibi</strong></span> <span class='ocrx_word' id='word_1_368' title='bbox 1665 2837 1784 2903; x_wconf 90' lang='lat' dir='ltr'><strong>durum</strong></span> <span class='ocrx_word' id='word_1_369' title='bbox 1817 2848 1874 2904; x_wconf 89' lang='lat' dir='ltr'><strong>aut</strong></span> <span class='ocrx_word' id='word_1_370' title='bbox 1902 2841 2074 2906; x_wconf 91' lang='lat' dir='ltr'><strong>molestum</strong></span> <span class='ocrx_word' id='word_1_371' title='bbox 2104 2860 2195 2906; x_wconf 86' lang='lat' dir='ltr'><strong>reeu-</strong></span> 
     </span>
     <span class='ocr_line' id='line_1_29' title="bbox 191 2923 2194 3010; baseline -0.002 -15"><span class='ocrx_word' id='word_1_372' title='bbox 191 2926 319 2995; x_wconf 79' lang='lat' dir='ltr'><strong>Ohristi</strong></span> <span class='ocrx_word' id='word_1_373' title='bbox 341 2925 483 2991; x_wconf 89' lang='lat' dir='ltr'><strong>babeant</strong></span> <span class='ocrx_word' id='word_1_374' title='bbox 501 2923 609 2989; x_wconf 87' lang='lat' dir='ltr'><strong>studia</strong></span> <span class='ocrx_word' id='word_1_375' title='bbox 632 2931 742 2989; x_wconf 89' lang='lat' dir='ltr'><strong>nostra</strong></span> <span class='ocrx_word' id='word_1_376' title='bbox 763 2925 883 3003; x_wconf 87' lang='lat' dir='ltr'><strong>omniu,</strong></span> <span class='ocrx_word' id='word_1_377' title='bbox 907 2932 940 2990; x_wconf 90' lang='lat' dir='ltr'><strong>et</strong></span> <span class='ocrx_word' id='word_1_378' title='bbox 954 2927 1024 2990; x_wconf 89' lang='lat' dir='ltr'><strong>eius</strong></span> <span class='ocrx_word' id='word_1_379' title='bbox 1044 2925 1169 3008; x_wconf 89' lang='lat' dir='ltr'><strong>gloriae</strong></span> <span class='ocrx_word' id='word_1_380' title='bbox 1221 2930 1308 2985; x_wconf 91' lang='lat' dir='ltr'><strong>sent:</strong></span> <span class='ocrx_word' id='word_1_381' title='bbox 1333 2923 1532 3004; x_wconf 90' lang='lat' dir='ltr'><strong>peremnia,</strong></span> <span class='ocrx_word' id='word_1_382' title='bbox 1555 2928 1592 2987; x_wconf 91' lang='grc' dir='ltr'><strong>ιιι</strong></span> <span class='ocrx_word' id='word_1_383' title='bbox 1614 2924 1649 2987; x_wconf 94' lang='lat' dir='ltr'><strong>in</strong></span> <span class='ocrx_word' id='word_1_384' title='bbox 1671 2925 1768 2989; x_wconf 90' lang='lat' dir='ltr'><strong>rebus</strong></span> <span class='ocrx_word' id='word_1_385' title='bbox 1789 2925 1904 2992; x_wconf 91' lang='lat' dir='ltr'><strong>mediis</strong></span> <span class='ocrx_word' id='word_1_386' title='bbox 1926 2945 2085 3010; x_wconf 89' lang='lat' dir='ltr'><strong>personas</strong></span> <span class='ocrx_word' id='word_1_387' title='bbox 2107 2924 2194 2991; x_wconf 81' lang='lat' dir='ltr'><strong>defe-</strong></span> 
     </span>
     <span class='ocr_line' id='line_1_30' title="bbox 192 3007 2193 3094; baseline -0.002 -14"><span class='ocrx_word' id='word_1_388' title='bbox 192 3013 346 3080; x_wconf 86' lang='lat' dir='ltr'><strong>serviant.</strong></span> <span class='ocrx_word' id='word_1_389' title='bbox 392 3012 446 3076; x_wconf 85' lang='lat' dir='ltr'><strong>Ex</strong></span> <span class='ocrx_word' id='word_1_390' title='bbox 474 3009 683 3075; x_wconf 87' lang='lat' dir='ltr'><strong>invoaetione</strong></span> <span class='ocrx_word' id='word_1_391' title='bbox 712 3010 859 3092; x_wconf 90' lang='lat' dir='ltr'><strong>sequitur</strong></span> <span class='ocrx_word' id='word_1_392' title='bbox 881 3010 943 3076; x_wconf 90' lang='lat' dir='ltr'><strong>Dei</strong></span> <span class='ocrx_word' id='word_1_393' title='bbox 969 3011 1168 3076; x_wconf 87' lang='lat' dir='ltr'><strong>benedietio:</strong></span> <span class='ocrx_word' id='word_1_394' title='bbox 1220 3017 1309 3071; x_wconf 89' lang='lat' dir='ltr'><strong>rant:</strong></span> <span class='ocrx_word' id='word_1_395' title='bbox 1333 3028 1392 3091; x_wconf 89' lang='lat' dir='ltr'><strong>per</strong></span> <span class='ocrx_word' id='word_1_396' title='bbox 1415 3008 1534 3085; x_wconf 92' lang='lat' dir='ltr'><strong>omnia,</strong></span> <span class='ocrx_word' id='word_1_397' title='bbox 1557 3014 1594 3074; x_wconf 93' lang='lat' dir='ltr'><strong>ut</strong></span> <span class='ocrx_word' id='word_1_398' title='bbox 1616 3007 1687 3089; x_wconf 92' lang='lat' dir='ltr'><strong>sibi,</strong></span> <span class='ocrx_word' id='word_1_399' title='bbox 1710 3010 1904 3094; x_wconf 87' lang='lat' dir='ltr'><strong>inquirendo</strong></span> <span class='ocrx_word' id='word_1_400' title='bbox 1919 3032 1957 3077; x_wconf 93' lang='lat' dir='ltr'><strong>ao</strong></span> <span class='ocrx_word' id='word_1_401' title='bbox 1975 3010 2193 3094; x_wconf 73' lang='lat' dir='ltr'><strong>disreptanda</strong></span> 
     </span>
     <span class='ocr_line' id='line_1_31' title="bbox 192 3091 2194 3182; baseline -0.001 -18"><span class='ocrx_word' id='word_1_402' title='bbox 192 3117 277 3182; x_wconf 85' lang='lat' dir='ltr'><strong>quae</strong></span> <span class='ocrx_word' id='word_1_403' title='bbox 299 3097 469 3163; x_wconf 86' lang='lat' dir='ltr'><strong>materiam</strong></span> <span class='ocrx_word' id='word_1_404' title='bbox 492 3096 672 3180; x_wconf 84' lang='lat' dir='ltr'><strong>gratiarum</strong></span> <span class='ocrx_word' id='word_1_405' title='bbox 694 3096 830 3160; x_wconf 88' lang='lat' dir='ltr'><strong>aetionis</strong></span> <span class='ocrx_word' id='word_1_406' title='bbox 856 3095 949 3162; x_wconf 87' lang='lat' dir='ltr'><strong>nobis</strong></span> <span class='ocrx_word' id='word_1_407' title='bbox 971 3096 1167 3180; x_wconf 90' lang='lat' dir='ltr'><strong>suppeditat.</strong></span> <span class='ocrx_word' id='word_1_408' title='bbox 1221 3091 1272 3157; x_wconf 87' lang='lat' dir='ltr'><strong>vel</strong></span> <span class='ocrx_word' id='word_1_409' title='bbox 1303 3093 1488 3159; x_wconf 86' lang='lat' dir='ltr'><strong>alternando</strong></span> <span class='ocrx_word' id='word_1_410' title='bbox 1518 3115 1656 3178; x_wconf 89' lang='lat' dir='ltr'><strong>aequum</strong></span> <span class='ocrx_word' id='word_1_411' title='bbox 1687 3096 1738 3163; x_wconf 89' lang='lat' dir='ltr'><strong>ius</strong></span> <span class='ocrx_word' id='word_1_412' title='bbox 1766 3117 1832 3162; x_wconf 91' lang='lat' dir='ltr'><strong>non</strong></span> <span class='ocrx_word' id='word_1_413' title='bbox 1859 3103 2001 3163; x_wconf 83' lang='lat' dir='ltr'><strong>sumant.</strong></span> <span class='ocrx_word' id='word_1_414' title='bbox 2056 3095 2194 3181; x_wconf 83' lang='lat' dir='ltr'><strong>Semper</strong></span> 
     </span>
     <span class='ocr_line' id='line_1_32' title="bbox 193 3178 2195 3266; baseline -0.001 -16"><span class='ocrx_word' id='word_1_415' title='bbox 193 3186 244 3250; x_wconf 79' lang='lat' dir='ltr'><strong>Aa</strong></span> <span class='ocrx_word' id='word_1_416' title='bbox 276 3183 456 3249; x_wconf 90' lang='lat' dir='ltr'><strong>notandum</strong></span> <span class='ocrx_word' id='word_1_417' title='bbox 488 3179 575 3265; x_wconf 87' lang='lat' dir='ltr'><strong>quod</strong></span> <span class='ocrx_word' id='word_1_418' title='bbox 609 3181 704 3247; x_wconf 85' lang='lat' dir='ltr'><strong>donet</strong></span> <span class='ocrx_word' id='word_1_419' title='bbox 735 3200 793 3265; x_wconf 92' lang='lat' dir='ltr'><strong>per</strong></span> <span class='ocrx_word' id='word_1_420' title='bbox 821 3181 991 3248; x_wconf 80' lang='lat' dir='ltr'><strong>Christum</strong></span> <span class='ocrx_word' id='word_1_421' title='bbox 1024 3180 1168 3266; x_wconf 88' lang='lat' dir='ltr'><strong>agendas</strong></span> <span class='ocrx_word' id='word_1_422' title='bbox 1220 3186 1331 3242; x_wconf 84' lang='grc' dir='ltr'>ιιιιιιιι</span> <span class='ocrx_word' id='word_1_423' title='bbox 1353 3199 1455 3262; x_wconf 91' lang='lat' dir='ltr'><strong>usqae</strong></span> <span class='ocrx_word' id='word_1_424' title='bbox 1484 3178 1524 3244; x_wconf 89' lang='lat' dir='ltr'><strong>ad</strong></span> <span class='ocrx_word' id='word_1_425' title='bbox 1548 3201 1631 3246; x_wconf 89' lang='lat' dir='ltr'><strong>aras.</strong></span> <span class='ocrx_word' id='word_1_426' title='bbox 1676 3181 1874 3247; x_wconf 88' lang='lat' dir='ltr'><strong>Parentibus</strong></span> <span class='ocrx_word' id='word_1_427' title='bbox 1902 3182 2109 3250; x_wconf 88' lang='lat' dir='ltr'><strong>immodioam</strong></span> <span class='ocrx_word' id='word_1_428' title='bbox 2139 3181 2195 3247; x_wconf 94' lang='lat' dir='ltr'><strong>ad-</strong></span> 
     </span>
     <span class='ocr_line' id='line_1_33' title="bbox 192 3264 2195 3352; baseline -0.002 -16"><span class='ocrx_word' id='word_1_429' title='bbox 192 3290 264 3336; x_wconf 87' lang='lat' dir='ltr'><strong>esse</strong></span> <span class='ocrx_word' id='word_1_430' title='bbox 287 3269 373 3352; x_wconf 90' lang='lat' dir='ltr'><strong>patri</strong></span> <span class='ocrx_word' id='word_1_431' title='bbox 394 3269 525 3352; x_wconf 89' lang='lat' dir='ltr'><strong>gratias,</strong></span> <span class='ocrx_word' id='word_1_432' title='bbox 550 3266 646 3332; x_wconf 87' lang='lat' dir='ltr'><strong>siauti</strong></span> <span class='ocrx_word' id='word_1_433' title='bbox 661 3287 720 3350; x_wconf 91' lang='lat' dir='ltr'><strong>per</strong></span> <span class='ocrx_word' id='word_1_434' title='bbox 742 3266 850 3350; x_wconf 89' lang='lat' dir='ltr'><strong>ipsum</strong></span> <span class='ocrx_word' id='word_1_435' title='bbox 868 3268 1053 3334; x_wconf 90' lang='lat' dir='ltr'><strong>obtinemus</strong></span> <span class='ocrx_word' id='word_1_436' title='bbox 1075 3267 1167 3350; x_wconf 90' lang='lat' dir='ltr'><strong>qnid·</strong></span> <span class='ocrx_word' id='word_1_437' title='bbox 1219 3264 1407 3346; x_wconf 87' lang='lat' dir='ltr'><strong>speritatem</strong></span> <span class='ocrx_word' id='word_1_438' title='bbox 1431 3264 1590 3348; x_wconf 87' lang='lat' dir='ltr'><strong>prohibet,</strong></span> <span class='ocrx_word' id='word_1_439' title='bbox 1621 3288 1662 3331; x_wconf 90' lang='lat' dir='ltr'><strong>ne</strong></span> <span class='ocrx_word' id='word_1_440' title='bbox 1684 3267 1732 3334; x_wconf 90' lang='lat' dir='ltr'><strong>sio</strong></span> <span class='ocrx_word' id='word_1_441' title='bbox 1754 3268 1999 3334; x_wconf 88' lang='lat' dir='ltr'><strong>absterreantur</strong></span> <span class='ocrx_word' id='word_1_442' title='bbox 2020 3268 2124 3348; x_wconf 87' lang='lat' dir='ltr'><strong>liberi,</strong></span> <span class='ocrx_word' id='word_1_443' title='bbox 2154 3279 2195 3333; x_wconf 91' lang='grc' dir='ltr'><strong>ιιι</strong></span> 
     </span>
     <span class='ocr_line' id='line_1_34' title="bbox 192 3349 2193 3442; baseline -0.001 -21"><span class='ocrx_word' id='word_1_444' title='bbox 192 3355 269 3442; x_wconf 92' lang='lat' dir='ltr'><strong>quid</strong></span> <span class='ocrx_word' id='word_1_445' title='bbox 289 3355 325 3420; x_wconf 91' lang='lat' dir='ltr'><strong>in</strong></span> <span class='ocrx_word' id='word_1_446' title='bbox 346 3375 407 3421; x_wconf 91' lang='lat' dir='ltr'><strong>nos</strong></span> <span class='ocrx_word' id='word_1_447' title='bbox 428 3356 504 3421; x_wconf 92' lang='lat' dir='ltr'><strong>boni</strong></span> <span class='ocrx_word' id='word_1_448' title='bbox 527 3352 620 3419; x_wconf 90' lang='lat' dir='ltr'><strong>Deus</strong></span> <span class='ocrx_word' id='word_1_449' title='bbox 642 3353 778 3420; x_wconf 81' lang='lat' dir='ltr'><strong>confert.</strong></span> <span class='ocrx_word' id='word_1_450' title='bbox 1219 3349 1342 3413; x_wconf 91' lang='lat' dir='ltr'><strong>nullius</strong></span> <span class='ocrx_word' id='word_1_451' title='bbox 1373 3350 1564 3433; x_wconf 80' lang='lat' dir='ltr'><strong>disciplinae</strong></span> <span class='ocrx_word' id='word_1_452' title='bbox 1585 3350 1728 3418; x_wconf 89' lang='lat' dir='ltr'><strong>liberalis</strong></span> <span class='ocrx_word' id='word_1_453' title='bbox 1756 3356 1823 3419; x_wconf 92' lang='lat' dir='ltr'><strong>sint</strong></span> <span class='ocrx_word' id='word_1_454' title='bbox 1845 3372 1988 3438; x_wconf 87' lang='lat' dir='ltr'><strong>oepaoes.</strong></span> <span class='ocrx_word' id='word_1_455' title='bbox 2032 3353 2193 3420; x_wconf 87' lang='lat' dir='ltr'><strong>Videmus</strong></span> 
     </span>
    </p>

    <p class='ocr_par' dir='ltr' id='par_1_4' title="bbox 1219 3434 2192 3525">
     <span class='ocr_line' id='line_1_35' title="bbox 1219 3434 2192 3525; baseline 0.004 -25"><span class='ocrx_word' id='word_1_456' title='bbox 1219 3434 1304 3500; x_wconf 91' lang='lat' dir='ltr'><strong>enim</strong></span> <span class='ocrx_word' id='word_1_457' title='bbox 1328 3435 1527 3517; x_wconf 88' lang='lat' dir='ltr'><strong>quotidianis</strong></span> <span class='ocrx_word' id='word_1_458' title='bbox 1556 3437 1788 3521; x_wconf 82' lang='lat' dir='ltr'><strong>experimentis</strong></span> <span class='ocrx_word' id='word_1_459' title='bbox 1814 3438 1890 3522; x_wconf 90' lang='lat' dir='ltr'><strong>quid</strong></span> <span class='ocrx_word' id='word_1_460' title='bbox 1913 3441 2021 3507; x_wconf 81' lang='lat' dir='ltr'><strong>valeat</strong></span> <span class='ocrx_word' id='word_1_461' title='bbox 2049 3440 2192 3525; x_wconf 89' lang='lat' dir='ltr'><strong>ingenua</strong></span> 
     </span>
    </p>

    <p class='ocr_par' dir='ltr' id='par_1_5' title="bbox 179 3519 1377 3609">
     <span class='ocr_line' id='line_1_36' title="bbox 179 3519 1377 3609; baseline -0.003 -18"><span class='ocrx_word' id='word_1_462' title='bbox 179 3554 185 3563; x_wconf 96' lang='lat'><strong>·</strong></span> <span class='ocrx_word' id='word_1_463' title='bbox 280 3527 331 3592; x_wconf 91' lang='lat'><strong>18.</strong></span> <span class='ocrx_word' id='word_1_464' title='bbox 365 3525 520 3592; x_wconf 75' lang='lat' dir='ltr'><strong>Mulieres</strong></span> <span class='ocrx_word' id='word_1_465' title='bbox 555 3524 698 3590; x_wconf 83' lang='lat' dir='ltr'><strong>subditae</strong></span> <span class='ocrx_word' id='word_1_466' title='bbox 731 3528 822 3590; x_wconf 86' lang='lat' dir='ltr'><strong>estete</strong></span> <span class='ocrx_word' id='word_1_467' title='bbox 851 3525 996 3608; x_wconf 78' lang='lat' dir='ltr'><strong>propriis</strong></span> <span class='ocrx_word' id='word_1_468' title='bbox 1030 3524 1166 3609; x_wconf 79' lang='lat' dir='ltr'><strong>maritis,</strong></span> <span class='ocrx_word' id='word_1_469' title='bbox 1218 3519 1377 3588; x_wconf 87' lang='lat' dir='ltr'><strong>edueatio.</strong></span> 
     </span>
    </p>

    <p class='ocr_par' dir='ltr' id='par_1_6' title="bbox 169 3605 2191 4808">
     <span class='ocr_line' id='line_1_37' title="bbox 169 3605 2187 3699; baseline -0.001 -21"><span class='ocrx_word' id='word_1_470' title='bbox 169 3611 451 3699; x_wconf 70' lang='lat' dir='ltr'><strong>&#39;‘quenadmodum</strong></span> <span class='ocrx_word' id='word_1_471' title='bbox 482 3610 566 3676; x_wconf 82' lang='lat' dir='ltr'><strong>deret</strong></span> <span class='ocrx_word' id='word_1_472' title='bbox 595 3612 631 3676; x_wconf 84' lang='lat' dir='ltr'><strong>iu</strong></span> <span class='ocrx_word' id='word_1_473' title='bbox 658 3608 808 3677; x_wconf 82' lang='lat' dir='ltr'><strong>Domino.</strong></span> <span class='ocrx_word' id='word_1_474' title='bbox 854 3611 905 3676; x_wconf 88' lang='lat'><strong>19.</strong></span> <span class='ocrx_word' id='word_1_475' title='bbox 934 3608 1016 3687; x_wconf 84' lang='lat' dir='ltr'><strong>Viri,</strong></span> <span class='ocrx_word' id='word_1_476' title='bbox 1044 3611 1167 3693; x_wconf 73' lang='lat' dir='ltr'><strong>diligite</strong></span> <span class='ocrx_word' id='word_1_477' title='bbox 1303 3605 1356 3672; x_wconf 79' lang='lat'><strong>22.</strong></span> <span class='ocrx_word' id='word_1_478' title='bbox 1380 3605 1480 3688; x_wconf 77' lang='lat' dir='ltr'><strong>Serui,</strong></span> <span class='ocrx_word' id='word_1_479' title='bbox 1501 3606 1643 3674; x_wconf 70' lang='lat' dir='ltr'><strong>arata</strong></span> <span class='ocrx_word' id='word_1_480' title='bbox 1675 3608 1845 3692; x_wconf 75' lang='lat' dir='ltr'><strong>,Quidquid</strong></span> <span class='ocrx_word' id='word_1_481' title='bbox 1860 3609 1900 3676; x_wconf 88' lang='lat' dir='ltr'><strong>de</strong></span> <span class='ocrx_word' id='word_1_482' title='bbox 1917 3613 2021 3677; x_wconf 83' lang='lat' dir='ltr'><strong>serris</strong></span> <span class='ocrx_word' id='word_1_483' title='bbox 2037 3611 2090 3675; x_wconf 89' lang='lat' dir='ltr'><strong>hio</strong></span> <span class='ocrx_word' id='word_1_484' title='bbox 2107 3609 2187 3696; x_wconf 92' lang='lat' dir='ltr'><strong>legi·</strong></span> 
     </span>
     <span class='ocr_line' id='line_1_38' title="bbox 190 3694 2188 3779; baseline 0.003 -24"><span class='ocrx_word' id='word_1_485' title='bbox 190 3716 324 3766; x_wconf 65' lang='lat' dir='ltr'><strong>mores.-</strong></span> <span class='ocrx_word' id='word_1_486' title='bbox 351 3700 381 3761; x_wconf 76' lang='lat' dir='ltr'><strong>at</strong></span> <span class='ocrx_word' id='word_1_487' title='bbox 404 3716 444 3761; x_wconf 80' lang='lat' dir='ltr'><strong>ae</strong></span> <span class='ocrx_word' id='word_1_488' title='bbox 465 3694 571 3762; x_wconf 81' lang='lat' dir='ltr'><strong>amori</strong></span> <span class='ocrx_word' id='word_1_489' title='bbox 597 3694 672 3761; x_wconf 77' lang='lat' dir='ltr'><strong>sitia</strong></span> <span class='ocrx_word' id='word_1_490' title='bbox 698 3696 849 3763; x_wconf 62' lang='lat' dir='ltr'><strong>adamare</strong></span> <span class='ocrx_word' id='word_1_491' title='bbox 869 3696 955 3762; x_wconf 71' lang='lat' dir='ltr'><strong>iane.</strong></span> <span class='ocrx_word' id='word_1_492' title='bbox 999 3696 1050 3762; x_wconf 83' lang='grc'><strong>20.</strong></span> <span class='ocrx_word' id='word_1_493' title='bbox 1075 3695 1165 3774; x_wconf 81' lang='lat' dir='ltr'><strong>Filii,</strong></span> <span class='ocrx_word' id='word_1_494' title='bbox 1219 3696 1282 3770; x_wconf 90' lang='lat' dir='ltr'><strong>tur,</strong></span> <span class='ocrx_word' id='word_1_495' title='bbox 1311 3694 1511 3776; x_wconf 90' lang='lat' dir='ltr'><strong>expositione</strong></span> <span class='ocrx_word' id='word_1_496' title='bbox 1532 3714 1600 3759; x_wconf 93' lang='lat' dir='ltr'><strong>non</strong></span> <span class='ocrx_word' id='word_1_497' title='bbox 1628 3694 1772 3779; x_wconf 87' lang='lat' dir='ltr'><strong>indiget:</strong></span> <span class='ocrx_word' id='word_1_498' title='bbox 1804 3697 1881 3779; x_wconf 91' lang='lat' dir='ltr'><strong>quia</strong></span> <span class='ocrx_word' id='word_1_499' title='bbox 1910 3698 1975 3762; x_wconf 88' lang='lat' dir='ltr'><strong>iam</strong></span> <span class='ocrx_word' id='word_1_500' title='bbox 2002 3697 2188 3779; x_wconf 88' lang='lat' dir='ltr'><strong>expositum</strong></span> 
     </span>
     <span class='ocr_line' id='line_1_39' title="bbox 191 3778 2189 3864; baseline -0.002 -16"><span class='ocrx_word' id='word_1_501' title='bbox 191 3782 307 3853; x_wconf 71' lang='lat' dir='ltr'><strong>obedde</strong></span> <span class='ocrx_word' id='word_1_502' title='bbox 322 3781 509 3864; x_wconf 86' lang='lat' dir='ltr'><strong>pareatibus</strong></span> <span class='ocrx_word' id='word_1_503' title='bbox 529 3781 643 3846; x_wconf 68' lang='lat' dir='ltr'><strong>aare</strong></span> <span class='ocrx_word' id='word_1_504' title='bbox 657 3800 719 3862; x_wconf 78' lang='lat' dir='ltr'><strong>per</strong></span> <span class='ocrx_word' id='word_1_505' title='bbox 743 3782 857 3862; x_wconf 79' lang='lat' dir='ltr'><strong>anaia,</strong></span> <span class='ocrx_word' id='word_1_506' title='bbox 885 3781 943 3848; x_wconf 85' lang='lat' dir='ltr'><strong>boa</strong></span> <span class='ocrx_word' id='word_1_507' title='bbox 966 3782 1049 3847; x_wconf 82' lang='lat' dir='ltr'><strong>euim</strong></span> <span class='ocrx_word' id='word_1_508' title='bbox 1064 3780 1167 3864; x_wconf 79' lang='lat' dir='ltr'><strong>planet</strong></span> <span class='ocrx_word' id='word_1_509' title='bbox 1219 3787 1269 3842; x_wconf 90' lang='lat' dir='ltr'><strong>est</strong></span> <span class='ocrx_word' id='word_1_510' title='bbox 1295 3778 1336 3843; x_wconf 90' lang='lat' dir='ltr'><strong>ad</strong></span> <span class='ocrx_word' id='word_1_511' title='bbox 1359 3778 1518 3861; x_wconf 79' lang='lat' dir='ltr'><strong>Ephesios</strong></span> <span class='ocrx_word' id='word_1_512' title='bbox 1537 3800 1606 3862; x_wconf 90' lang='lat' dir='ltr'><strong>oap.</strong></span> <span class='ocrx_word' id='word_1_513' title='bbox 1629 3780 1659 3859; x_wconf 91' lang='lat'><strong>6,</strong></span> <span class='ocrx_word' id='word_1_514' title='bbox 1684 3781 1713 3864; x_wconf 90' lang='lat'><strong>1,</strong></span> <span class='ocrx_word' id='word_1_515' title='bbox 1747 3791 1875 3864; x_wconf 89' lang='lat' dir='ltr'><strong>praeter</strong></span> <span class='ocrx_word' id='word_1_516' title='bbox 1904 3781 1984 3848; x_wconf 89' lang='lat' dir='ltr'><strong>haee</strong></span> <span class='ocrx_word' id='word_1_517' title='bbox 2006 3781 2078 3860; x_wconf 90' lang='lat' dir='ltr'><strong>dno,</strong></span> <span class='ocrx_word' id='word_1_518' title='bbox 2111 3801 2189 3846; x_wconf 91' lang='lat' dir='ltr'><strong>nam</strong></span> 
     </span>
     <span class='ocr_line' id='line_1_40' title="bbox 191 3862 2190 3951; baseline -0.005 -12"><span class='ocrx_word' id='word_1_519' title='bbox 191 3866 340 3939; x_wconf 81' lang='lat' dir='ltr'><strong>Domino.</strong></span> <span class='ocrx_word' id='word_1_520' title='bbox 386 3867 438 3932; x_wconf 79' lang='lat'><strong>21.</strong></span> <span class='ocrx_word' id='word_1_521' title='bbox 460 3865 585 3946; x_wconf 84' lang='lat' dir='ltr'><strong>Patres,</strong></span> <span class='ocrx_word' id='word_1_522' title='bbox 610 3886 650 3931; x_wconf 84' lang='lat' dir='ltr'><strong>ae</strong></span> <span class='ocrx_word' id='word_1_523' title='bbox 745 3868 836 3933; x_wconf 73' lang='lat' dir='ltr'><strong>aedis</strong></span> <span class='ocrx_word' id='word_1_524' title='bbox 856 3866 969 3933; x_wconf 81' lang='lat' dir='ltr'><strong>liberos</strong></span> <span class='ocrx_word' id='word_1_525' title='bbox 983 3873 1108 3951; x_wconf 78' lang='grc' dir='ltr'>ιιιινοι,</span> <span class='ocrx_word' id='word_1_526' title='bbox 1129 3889 1168 3934; x_wconf 87' lang='lat' dir='ltr'><strong>ae</strong></span> <span class='ocrx_word' id='word_1_527' title='bbox 1209 3862 1361 3930; x_wconf 80' lang='lat' dir='ltr'><strong>¹Domino</strong></span> <span class='ocrx_word' id='word_1_528' title='bbox 1383 3863 1517 3930; x_wconf 79' lang='lat' dir='ltr'><strong>Christo</strong></span> <span class='ocrx_word' id='word_1_529' title='bbox 1538 3867 1678 3932; x_wconf 82' lang='lat' dir='ltr'><strong>servitis.</strong></span> <span class='ocrx_word' id='word_1_530' title='bbox 1725 3866 1820 3947; x_wconf 91' lang='lat' dir='ltr'><strong>ltem,</strong></span> <span class='ocrx_word' id='word_1_531' title='bbox 1849 3867 1906 3951; x_wconf 91' lang='lat' dir='ltr'><strong>qni</strong></span> <span class='ocrx_word' id='word_1_532' title='bbox 1929 3868 2050 3934; x_wconf 84' lang='lat' dir='ltr'><strong>iniuste</strong></span> <span class='ocrx_word' id='word_1_533' title='bbox 2076 3867 2190 3951; x_wconf 82' lang='lat' dir='ltr'><strong>egerit,</strong></span> 
     </span>
     <span class='ocr_line' id='line_1_41' title="bbox 192 3950 2191 4036; baseline -0.004 -13"><span class='ocrx_word' id='word_1_534' title='bbox 192 3954 384 4023; x_wconf 70' lang='lat' dir='ltr'><strong>deiieiautm</strong></span> <span class='ocrx_word' id='word_1_535' title='bbox 402 3953 531 4018; x_wconf 82' lang='lat' dir='ltr'><strong>animis.</strong></span> <span class='ocrx_word' id='word_1_536' title='bbox 574 3951 628 4017; x_wconf 79' lang='lat'><strong>22.</strong></span> <span class='ocrx_word' id='word_1_537' title='bbox 735 3953 750 4032; x_wconf 92' lang='lat'><strong>&#39;,</strong></span> <span class='ocrx_word' id='word_1_538' title='bbox 772 3951 905 4018; x_wconf 61' lang='lat' dir='ltr'><strong>obedite</strong></span> <span class='ocrx_word' id='word_1_539' title='bbox 921 3972 981 4036; x_wconf 82' lang='lat' dir='ltr'><strong>per</strong></span> <span class='ocrx_word' id='word_1_540' title='bbox 1003 3955 1109 4020; x_wconf 83' lang='lat' dir='ltr'><strong>amaia</strong></span> <span class='ocrx_word' id='word_1_541' title='bbox 1123 3954 1167 4018; x_wconf 88' lang='lat' dir='ltr'><strong>iie</strong></span> <span class='ocrx_word' id='word_1_542' title='bbox 1219 3951 1401 4016; x_wconf 76' lang='lat' dir='ltr'><strong>mercedem</strong></span> <span class='ocrx_word' id='word_1_543' title='bbox 1423 3950 1604 4034; x_wconf 89' lang='lat' dir='ltr'><strong>iniquitatis</strong></span> <span class='ocrx_word' id='word_1_544' title='bbox 1625 3952 1770 4036; x_wconf 85' lang='lat' dir='ltr'><strong>resipiat.</strong></span> <span class='ocrx_word' id='word_1_545' title='bbox 1808 3952 1922 4019; x_wconf 90' lang='lat' dir='ltr'><strong>Priore</strong></span> <span class='ocrx_word' id='word_1_546' title='bbox 1945 3953 2109 4019; x_wconf 89' lang='lat' dir='ltr'><strong>sententia</strong></span> <span class='ocrx_word' id='word_1_547' title='bbox 2129 3951 2191 4017; x_wconf 91' lang='lat' dir='ltr'><strong>hoo</strong></span> 
     </span>
     <span class='ocr_line' id='line_1_42' title="bbox 189 4035 2190 4128; baseline -0.002 -22"><span class='ocrx_word' id='word_1_548' title='bbox 189 4042 247 4128; x_wconf 84' lang='lat' dir='ltr'><strong>qai</strong></span> <span class='ocrx_word' id='word_1_549' title='bbox 266 4038 435 4106; x_wconf 68' lang='lat' dir='ltr'><strong>amoarium</strong></span> <span class='ocrx_word' id='word_1_550' title='bbox 455 4057 579 4104; x_wconf 71' lang='lat' dir='ltr'><strong>munera</strong></span> <span class='ocrx_word' id='word_1_551' title='bbox 606 4042 681 4104; x_wconf 82' lang='lat' dir='ltr'><strong>aaut</strong></span> <span class='ocrx_word' id='word_1_552' title='bbox 699 4037 837 4103; x_wconf 80' lang='lat' dir='ltr'><strong>domiai:</strong></span> <span class='ocrx_word' id='word_1_553' title='bbox 864 4057 927 4104; x_wconf 86' lang='lat' dir='ltr'><strong>uou</strong></span> <span class='ocrx_word' id='word_1_554' title='bbox 955 4038 1104 4105; x_wconf 76' lang='lat' dir='ltr'><strong>exhibitis</strong></span> <span class='ocrx_word' id='word_1_555' title='bbox 1124 4039 1167 4105; x_wconf 80' lang='lat' dir='ltr'><strong>ad</strong></span> <span class='ocrx_word' id='word_1_556' title='bbox 1218 4035 1389 4119; x_wconf 86' lang='lat' dir='ltr'><strong>signifieat,</strong></span> <span class='ocrx_word' id='word_1_557' title='bbox 1415 4035 1461 4101; x_wconf 86' lang='lat' dir='ltr'><strong>ita</strong></span> <span class='ocrx_word' id='word_1_558' title='bbox 1482 4037 1601 4102; x_wconf 85' lang='lat' dir='ltr'><strong>serviri</strong></span> <span class='ocrx_word' id='word_1_559' title='bbox 1622 4037 1817 4118; x_wconf 88' lang='lat' dir='ltr'><strong>homiuibus,</strong></span> <span class='ocrx_word' id='word_1_560' title='bbox 1848 4050 1885 4103; x_wconf 90' lang='lat' dir='ltr'><strong>ut</strong></span> <span class='ocrx_word' id='word_1_561' title='bbox 1907 4037 2060 4105; x_wconf 77' lang='lat' dir='ltr'><strong>Christus</strong></span> <span class='ocrx_word' id='word_1_562' title='bbox 2081 4046 2190 4103; x_wconf 62' lang='lat' dir='ltr'><strong>nmen</strong></span> 
     </span>
     <span class='ocr_line' id='line_1_43' title="bbox 190 4121 2190 4210; baseline -0.003 -19"><span class='ocrx_word' id='word_1_563' title='bbox 190 4126 314 4197; x_wconf 64' lang='lat' dir='ltr'><strong>walum</strong></span> <span class='ocrx_word' id='word_1_564' title='bbox 328 4124 494 4209; x_wconf 68' lang='grc' dir='ltr'>οιιιᾳιιιίι,</span> <span class='ocrx_word' id='word_1_565' title='bbox 512 4128 663 4207; x_wconf 85' lang='lat' dir='ltr'><strong>tauquam</strong></span> <span class='ocrx_word' id='word_1_566' title='bbox 676 4121 854 4191; x_wconf 76' lang='lat' dir='ltr'><strong>hominebus</strong></span> <span class='ocrx_word' id='word_1_567' title='bbox 865 4123 989 4206; x_wconf 79' lang='lat' dir='ltr'><strong>plaeere</strong></span> <span class='ocrx_word' id='word_1_568' title='bbox 1003 4124 1165 4208; x_wconf 81' lang='lat' dir='ltr'><strong>studentes,</strong></span> <span class='ocrx_word' id='word_1_569' title='bbox 1220 4121 1396 4203; x_wconf 89' lang='lat' dir='ltr'><strong>primatum</strong></span> <span class='ocrx_word' id='word_1_570' title='bbox 1417 4123 1452 4186; x_wconf 94' lang='lat' dir='ltr'><strong>in</strong></span> <span class='ocrx_word' id='word_1_571' title='bbox 1475 4121 1618 4188; x_wconf 92' lang='lat' dir='ltr'><strong>dominio</strong></span> <span class='ocrx_word' id='word_1_572' title='bbox 1633 4122 1790 4205; x_wconf 87' lang='lat' dir='ltr'><strong>obtineat,</strong></span> <span class='ocrx_word' id='word_1_573' title='bbox 1813 4123 1920 4208; x_wconf 90' lang='lat' dir='ltr'><strong>sitque</strong></span> <span class='ocrx_word' id='word_1_574' title='bbox 1942 4125 2118 4210; x_wconf 88' lang='lat' dir='ltr'><strong>primarius</strong></span> <span class='ocrx_word' id='word_1_575' title='bbox 2133 4122 2190 4187; x_wconf 92' lang='lat' dir='ltr'><strong>do·</strong></span> 
     </span>
     <span class='ocr_line' id='line_1_44' title="bbox 191 4206 2190 4294; baseline -0.004 -14"><span class='ocrx_word' id='word_1_576' title='bbox 191 4213 249 4281; x_wconf 83' lang='lat' dir='ltr'><strong>aad</strong></span> <span class='ocrx_word' id='word_1_577' title='bbox 279 4214 313 4277; x_wconf 81' lang='lat' dir='ltr'><strong>in</strong></span> <span class='ocrx_word' id='word_1_578' title='bbox 346 4210 546 4292; x_wconf 79' lang='lat' dir='ltr'><strong>simplicitate</strong></span> <span class='ocrx_word' id='word_1_579' title='bbox 576 4209 697 4293; x_wconf 74' lang='grc' dir='ltr'>ιοιάἰι,</span> <span class='ocrx_word' id='word_1_580' title='bbox 729 4214 765 4275; x_wconf 88' lang='lat' dir='ltr'><strong>at</strong></span> <span class='ocrx_word' id='word_1_581' title='bbox 796 4209 853 4290; x_wconf 88' lang='lat' dir='ltr'><strong>qui</strong></span> <span class='ocrx_word' id='word_1_582' title='bbox 883 4211 1019 4276; x_wconf 79' lang='lat' dir='ltr'><strong>timeatis</strong></span> <span class='ocrx_word' id='word_1_583' title='bbox 1051 4208 1165 4274; x_wconf 78' lang='lat' dir='ltr'><strong>Dotem.</strong></span> <span class='ocrx_word' id='word_1_584' title='bbox 1218 4206 1338 4273; x_wconf 90' lang='lat' dir='ltr'><strong>minus.</strong></span> <span class='ocrx_word' id='word_1_585' title='bbox 1394 4207 1525 4274; x_wconf 85' lang='lat' dir='ltr'><strong>Eximio</strong></span> <span class='ocrx_word' id='word_1_586' title='bbox 1558 4227 1636 4276; x_wconf 86' lang='lat' dir='ltr'><strong>sane</strong></span> <span class='ocrx_word' id='word_1_587' title='bbox 1668 4208 1848 4277; x_wconf 82' lang='lat' dir='ltr'><strong>noneolatio</strong></span> <span class='ocrx_word' id='word_1_588' title='bbox 1884 4209 2036 4277; x_wconf 87' lang='lat' dir='ltr'><strong>omnibus</strong></span> <span class='ocrx_word' id='word_1_589' title='bbox 2067 4209 2123 4294; x_wconf 92' lang='lat' dir='ltr'><strong>qni</strong></span> <span class='ocrx_word' id='word_1_590' title='bbox 2154 4209 2190 4273; x_wconf 93' lang='lat' dir='ltr'><strong>in</strong></span> 
     </span>
     <span class='ocr_line' id='line_1_45' title="bbox 191 4291 2190 4381; baseline -0.003 -16"><span class='ocrx_word' id='word_1_591' title='bbox 191 4298 245 4366; x_wconf 77' lang='lat'><strong>28.</strong></span> <span class='ocrx_word' id='word_1_592' title='bbox 267 4297 313 4363; x_wconf 83' lang='lat' dir='ltr'><strong>Et</strong></span> <span class='ocrx_word' id='word_1_593' title='bbox 337 4296 492 4381; x_wconf 83' lang='lat' dir='ltr'><strong>quidquid</strong></span> <span class='ocrx_word' id='word_1_594' title='bbox 518 4295 666 4380; x_wconf 60' lang='lat' dir='ltr'><strong>sumitis,</strong></span> <span class='ocrx_word' id='word_1_595' title='bbox 698 4315 737 4361; x_wconf 79' lang='lat' dir='ltr'><strong>ea</strong></span> <span class='ocrx_word' id='word_1_596' title='bbox 757 4296 864 4361; x_wconf 85' lang='lat' dir='ltr'><strong>auimo</strong></span> <span class='ocrx_word' id='word_1_597' title='bbox 882 4295 986 4379; x_wconf 79' lang='lat' dir='ltr'><strong>facite,</strong></span> <span class='ocrx_word' id='word_1_598' title='bbox 1017 4300 1168 4378; x_wconf 70' lang='lat' dir='ltr'><strong>toaqm</strong></span> <span class='ocrx_word' id='word_1_599' title='bbox 1219 4291 1418 4358; x_wconf 89' lang='lat' dir='ltr'><strong>subieetione</strong></span> <span class='ocrx_word' id='word_1_600' title='bbox 1433 4303 1521 4375; x_wconf 91' lang='lat' dir='ltr'><strong>sunt,</strong></span> <span class='ocrx_word' id='word_1_601' title='bbox 1543 4292 1631 4376; x_wconf 89' lang='lat' dir='ltr'><strong>dum,</strong></span> <span class='ocrx_word' id='word_1_602' title='bbox 1652 4294 1738 4379; x_wconf 90' lang='lat' dir='ltr'><strong>qnod</strong></span> <span class='ocrx_word' id='word_1_603' title='bbox 1756 4295 1896 4363; x_wconf 90' lang='lat' dir='ltr'><strong>libenter</strong></span> <span class='ocrx_word' id='word_1_604' title='bbox 1914 4298 2064 4363; x_wconf 83' lang='lat' dir='ltr'><strong>serviunt</strong></span> <span class='ocrx_word' id='word_1_605' title='bbox 2087 4293 2190 4360; x_wconf 89' lang='lat' dir='ltr'><strong>domi·</strong></span> 
     </span>
     <span class='ocr_line' id='line_1_46' title="bbox 192 4378 2190 4465; baseline -0.002 -15"><span class='ocrx_word' id='word_1_606' title='bbox 192 4382 333 4454; x_wconf 77' lang='lat' dir='ltr'><strong>Domino</strong></span> <span class='ocrx_word' id='word_1_607' title='bbox 369 4387 398 4448; x_wconf 84' lang='lat' dir='ltr'><strong>et</strong></span> <span class='ocrx_word' id='word_1_608' title='bbox 428 4402 493 4448; x_wconf 78' lang='lat' dir='ltr'><strong>stou</strong></span> <span class='ocrx_word' id='word_1_609' title='bbox 530 4381 726 4449; x_wconf 79' lang='lat' dir='ltr'><strong>bominibus:</strong></span> <span class='ocrx_word' id='word_1_610' title='bbox 778 4380 830 4446; x_wconf 70' lang='lat'><strong>24„</strong></span> <span class='ocrx_word' id='word_1_611' title='bbox 863 4382 992 4447; x_wconf 70' lang='lat' dir='ltr'><strong>saeuas</strong></span> <span class='ocrx_word' id='word_1_612' title='bbox 1021 4381 1103 4464; x_wconf 84' lang='lat' dir='ltr'><strong>qaod</strong></span> <span class='ocrx_word' id='word_1_613' title='bbox 1145 4402 1167 4447; x_wconf 89' lang='lat' dir='ltr'><strong>o</strong></span> <span class='ocrx_word' id='word_1_614' title='bbox 1219 4378 1271 4443; x_wconf 91' lang='lat' dir='ltr'><strong>nis</strong></span> <span class='ocrx_word' id='word_1_615' title='bbox 1298 4378 1377 4458; x_wconf 88' lang='lat' dir='ltr'><strong>suis,</strong></span> <span class='ocrx_word' id='word_1_616' title='bbox 1405 4379 1645 4463; x_wconf 79' lang='lat' dir='ltr'><strong>obsequiosus</strong></span> <span class='ocrx_word' id='word_1_617' title='bbox 1672 4378 1808 4465; x_wconf 90' lang='lat' dir='ltr'><strong>perinde</strong></span> <span class='ocrx_word' id='word_1_618' title='bbox 1832 4381 1967 4449; x_wconf 76' lang='lat' dir='ltr'><strong>Christo</strong></span> <span class='ocrx_word' id='word_1_619' title='bbox 1995 4388 2090 4465; x_wconf 86' lang='lat' dir='ltr'><strong>grata</strong></span> <span class='ocrx_word' id='word_1_620' title='bbox 2119 4400 2190 4446; x_wconf 87' lang='lat' dir='ltr'><strong>esse</strong></span> 
     </span>
     <span class='ocr_line' id='line_1_47' title="bbox 193 4461 2189 4553; baseline -0.005 -14"><span class='ocrx_word' id='word_1_621' title='bbox 193 4468 333 4539; x_wconf 78' lang='lat' dir='ltr'><strong>Domino</strong></span> <span class='ocrx_word' id='word_1_622' title='bbox 357 4468 514 4553; x_wconf 74' lang='lat' dir='ltr'><strong>recipietis</strong></span> <span class='ocrx_word' id='word_1_623' title='bbox 541 4466 706 4534; x_wconf 69' lang='lat' dir='ltr'><strong>maedan</strong></span> <span class='ocrx_word' id='word_1_624' title='bbox 734 4465 947 4533; x_wconf 82' lang='lat' dir='ltr'><strong>baereditatis.</strong></span> <span class='ocrx_word' id='word_1_625' title='bbox 992 4467 1079 4534; x_wconf 80' lang='lat' dir='ltr'><strong>Nara</strong></span> <span class='ocrx_word' id='word_1_626' title='bbox 1099 4465 1166 4533; x_wconf 91' lang='lat' dir='ltr'><strong>Do·</strong></span> <span class='ocrx_word' id='word_1_627' title='bbox 1219 4461 1366 4543; x_wconf 82' lang='lat' dir='ltr'><strong>audiunt,</strong></span> <span class='ocrx_word' id='word_1_628' title='bbox 1400 4484 1437 4531; x_wconf 88' lang='lat' dir='ltr'><strong>ao</strong></span> <span class='ocrx_word' id='word_1_629' title='bbox 1466 4467 1494 4532; x_wconf 95' lang='lat' dir='ltr'><strong>si</strong></span> <span class='ocrx_word' id='word_1_630' title='bbox 1522 4464 1571 4530; x_wconf 92' lang='lat' dir='ltr'><strong>illi</strong></span> <span class='ocrx_word' id='word_1_631' title='bbox 1599 4467 1756 4551; x_wconf 88' lang='lat' dir='ltr'><strong>praestita</strong></span> <span class='ocrx_word' id='word_1_632' title='bbox 1787 4475 1907 4534; x_wconf 83' lang='grc' dir='ltr'>ιιιιιιι.</span> <span class='ocrx_word' id='word_1_633' title='bbox 1960 4465 2057 4534; x_wconf 89' lang='lat' dir='ltr'><strong>Unde</strong></span> <span class='ocrx_word' id='word_1_634' title='bbox 2090 4467 2189 4534; x_wconf 90' lang='lat' dir='ltr'><strong>etiam</strong></span> 
     </span>
     <span class='ocr_line' id='line_1_48' title="bbox 188 4547 2188 4638; baseline -0.004 -16"><span class='ocrx_word' id='word_1_635' title='bbox 188 4557 282 4623; x_wconf 80' lang='lat' dir='ltr'><strong>&#39;ariao</strong></span> <span class='ocrx_word' id='word_1_636' title='bbox 305 4553 430 4620; x_wconf 80' lang='lat' dir='ltr'><strong>Obristo</strong></span> <span class='ocrx_word' id='word_1_637' title='bbox 450 4554 584 4620; x_wconf 70' lang='grc' dir='ltr'>ιιιιιιιι.</span> <span class='ocrx_word' id='word_1_638' title='bbox 628 4552 680 4619; x_wconf 77' lang='lat'><strong>25.</strong></span> <span class='ocrx_word' id='word_1_639' title='bbox 706 4552 769 4634; x_wconf 70' lang='lat' dir='ltr'><strong>aar·</strong></span> <span class='ocrx_word' id='word_1_640' title='bbox 797 4557 901 4618; x_wconf 77' lang='lat' dir='ltr'><strong>aretem</strong></span> <span class='ocrx_word' id='word_1_641' title='bbox 922 4553 1040 4620; x_wconf 77' lang='lat' dir='ltr'><strong>iuiteete</strong></span> <span class='ocrx_word' id='word_1_642' title='bbox 1061 4554 1167 4637; x_wconf 79' lang='lat' dir='ltr'><strong>egerit,</strong></span> <span class='ocrx_word' id='word_1_643' title='bbox 1218 4547 1343 4634; x_wconf 84' lang='lat' dir='ltr'><strong>oolligit</strong></span> <span class='ocrx_word' id='word_1_644' title='bbox 1364 4550 1498 4630; x_wconf 86' lang='lat' dir='ltr'><strong>Paulus,</strong></span> <span class='ocrx_word' id='word_1_645' title='bbox 1525 4552 1707 4619; x_wconf 89' lang='lat' dir='ltr'><strong>mereedem</strong></span> <span class='ocrx_word' id='word_1_646' title='bbox 1736 4553 1777 4620; x_wconf 87' lang='lat' dir='ltr'><strong>ab</strong></span> <span class='ocrx_word' id='word_1_647' title='bbox 1802 4555 1872 4638; x_wconf 91' lang='lat' dir='ltr'><strong>ipsa</strong></span> <span class='ocrx_word' id='word_1_648' title='bbox 1900 4557 2102 4637; x_wconf 90' lang='lat' dir='ltr'><strong>reoepturoe:</strong></span> <span class='ocrx_word' id='word_1_649' title='bbox 2131 4550 2188 4619; x_wconf 88' lang='lat' dir='ltr'><strong>sed</strong></span> 
     </span>
     <span class='ocr_line' id='line_1_49' title="bbox 192 4634 2186 4724; baseline -0.003 -16"><span class='ocrx_word' id='word_1_650' title='bbox 192 4640 359 4708; x_wconf 74' lang='grc' dir='ltr'>ιιιιωᾶιιι</span> <span class='ocrx_word' id='word_1_651' title='bbox 380 4638 549 4721; x_wconf 81' lang='lat' dir='ltr'><strong>reportabit</strong></span> <span class='ocrx_word' id='word_1_652' title='bbox 575 4658 654 4706; x_wconf 87' lang='lat' dir='ltr'><strong>euae</strong></span> <span class='ocrx_word' id='word_1_653' title='bbox 674 4638 868 4722; x_wconf 78' lang='lat' dir='ltr'><strong>iniquitatis:</strong></span> <span class='ocrx_word' id='word_1_654' title='bbox 896 4645 1010 4707; x_wconf 74' lang='lat' dir='ltr'><strong>aaron</strong></span> <span class='ocrx_word' id='word_1_655' title='bbox 1030 4645 1075 4705; x_wconf 78' lang='lat' dir='ltr'><strong>eet</strong></span> <span class='ocrx_word' id='word_1_656' title='bbox 1089 4659 1166 4721; x_wconf 76' lang='lat' dir='ltr'><strong>per·</strong></span> <span class='ocrx_word' id='word_1_657' title='bbox 1219 4635 1401 4702; x_wconf 78' lang='lat' dir='ltr'><strong>mercedem</strong></span> <span class='ocrx_word' id='word_1_658' title='bbox 1431 4634 1649 4705; x_wconf 87' lang='lat' dir='ltr'><strong>haereditetis.</strong></span> <span class='ocrx_word' id='word_1_659' title='bbox 1704 4636 1778 4719; x_wconf 79' lang='lat' dir='ltr'><strong>Quo</strong></span> <span class='ocrx_word' id='word_1_660' title='bbox 1809 4639 1981 4724; x_wconf 87' lang='lat' dir='ltr'><strong>signifieat,</strong></span> <span class='ocrx_word' id='word_1_661' title='bbox 2013 4637 2048 4704; x_wconf 90' lang='lat' dir='ltr'><strong>id</strong></span> <span class='ocrx_word' id='word_1_662' title='bbox 2080 4639 2186 4723; x_wconf 89' lang='lat' dir='ltr'><strong>ipsum</strong></span> 
     </span>
     <span class='ocr_line' id='line_1_50' title="bbox 191 4718 2187 4808; baseline -0.004 -16"><span class='ocrx_word' id='word_1_663' title='bbox 191 4744 342 4795; x_wconf 73' lang='lat' dir='ltr'><strong>semrom</strong></span> <span class='ocrx_word' id='word_1_664' title='bbox 363 4725 504 4807; x_wconf 73' lang='lat' dir='ltr'><strong>aoeepdu</strong></span> <span class='ocrx_word' id='word_1_665' title='bbox 1218 4718 1303 4803; x_wconf 90' lang='lat' dir='ltr'><strong>qaod</strong></span> <span class='ocrx_word' id='word_1_666' title='bbox 1325 4721 1477 4805; x_wconf 91' lang='lat' dir='ltr'><strong>operibus</strong></span> <span class='ocrx_word' id='word_1_667' title='bbox 1490 4724 1688 4808; x_wconf 84' lang='lat' dir='ltr'><strong>rependitur,</strong></span> <span class='ocrx_word' id='word_1_668' title='bbox 1708 4724 1853 4808; x_wconf 86' lang='lat' dir='ltr'><strong>gratuito</strong></span> <span class='ocrx_word' id='word_1_669' title='bbox 1868 4722 1938 4791; x_wconf 89' lang='lat' dir='ltr'><strong>deri</strong></span> <span class='ocrx_word' id='word_1_670' title='bbox 1955 4722 2049 4791; x_wconf 90' lang='lat' dir='ltr'><strong>nobis</strong></span> <span class='ocrx_word' id='word_1_671' title='bbox 2067 4745 2091 4791; x_wconf 85' lang='lat' dir='ltr'><strong>a</strong></span> <span class='ocrx_word' id='word_1_672' title='bbox 2107 4724 2187 4789; x_wconf 89' lang='lat' dir='ltr'><strong>Deo.</strong></span> 
     </span>
    </p>

    <p class='ocr_par' dir='ltr' id='par_1_7' title="bbox 1219 4806 2189 4893">
     <span class='ocr_line' id='line_1_51' title="bbox 1219 4806 2189 4893; baseline 0 -23"><span class='ocrx_word' id='word_1_673' title='bbox 1219 4806 1305 4872; x_wconf 90' lang='lat' dir='ltr'><strong>Nem</strong></span> <span class='ocrx_word' id='word_1_674' title='bbox 1327 4807 1511 4874; x_wconf 88' lang='lat' dir='ltr'><strong>haereditas</strong></span> <span class='ocrx_word' id='word_1_675' title='bbox 1525 4829 1568 4875; x_wconf 90' lang='lat' dir='ltr'><strong>ex</strong></span> <span class='ocrx_word' id='word_1_676' title='bbox 1590 4809 1761 4893; x_wconf 88' lang='lat' dir='ltr'><strong>adoptione</strong></span> <span class='ocrx_word' id='word_1_677' title='bbox 1778 4818 1837 4877; x_wconf 89' lang='lat' dir='ltr'><strong>est.</strong></span> <span class='ocrx_word' id='word_1_678' title='bbox 1875 4809 2027 4878; x_wconf 83' lang='lat' dir='ltr'><strong>Seauudo</strong></span> <span class='ocrx_word' id='word_1_679' title='bbox 2041 4809 2189 4876; x_wconf 89' lang='lat' dir='ltr'><strong>membro</strong></span> 
     </span>
    </p>

    <p class='ocr_par' dir='ltr' id='par_1_8' title="bbox 178 4890 2188 5326">
     <span class='ocr_line' id='line_1_52' title="bbox 283 4890 2188 4981; baseline -0.004 -18"><span class='ocrx_word' id='word_1_680' title='bbox 283 4899 334 4966; x_wconf 85' lang='lat'><strong>18.</strong></span> <span class='ocrx_word' id='word_1_681' title='bbox 357 4895 519 4963; x_wconf 67' lang='lat' dir='ltr'><strong>mattea</strong></span> <span class='ocrx_word' id='word_1_682' title='bbox 556 4895 746 4981; x_wconf 87' lang='lat' dir='ltr'><strong>Sequuntur</strong></span> <span class='ocrx_word' id='word_1_683' title='bbox 762 4897 826 4961; x_wconf 87' lang='lat' dir='ltr'><strong>iam</strong></span> <span class='ocrx_word' id='word_1_684' title='bbox 846 4895 1062 4980; x_wconf 87' lang='lat' dir='ltr'><strong>partioularia,</strong></span> <span class='ocrx_word' id='word_1_685' title='bbox 1084 4915 1166 4979; x_wconf 86' lang='lat' dir='ltr'><strong>quae</strong></span> <span class='ocrx_word' id='word_1_686' title='bbox 1219 4890 1336 4958; x_wconf 89' lang='lat' dir='ltr'><strong>iterum</strong></span> <span class='ocrx_word' id='word_1_687' title='bbox 1353 4893 1545 4963; x_wconf 77' lang='lat' dir='ltr'><strong>,oonaolatnr</strong></span> <span class='ocrx_word' id='word_1_688' title='bbox 1566 4917 1689 4976; x_wconf 87' lang='lat' dir='ltr'><strong>servos,</strong></span> <span class='ocrx_word' id='word_1_689' title='bbox 1711 4894 1840 4978; x_wconf 89' lang='lat' dir='ltr'><strong>quodsi</strong></span> <span class='ocrx_word' id='word_1_690' title='bbox 1861 4904 2054 4980; x_wconf 87' lang='lat' dir='ltr'><strong>prementur</strong></span> <span class='ocrx_word' id='word_1_691' title='bbox 2068 4896 2188 4961; x_wconf 87' lang='lat' dir='ltr'><strong>iniusta</strong></span> 
     </span>
     <span class='ocr_line' id='line_1_53' title="bbox 192 4979 2188 5069; baseline -0.006 -16"><span class='ocrx_word' id='word_1_692' title='bbox 192 4994 325 5069; x_wconf 77' lang='lat' dir='ltr'><strong>rorant,</strong></span> <span class='ocrx_word' id='word_1_693' title='bbox 353 4983 471 5063; x_wconf 87' lang='lat' dir='ltr'><strong>oifieia,</strong></span> <span class='ocrx_word' id='word_1_694' title='bbox 498 5003 581 5066; x_wconf 87' lang='lat' dir='ltr'><strong>quae</strong></span> <span class='ocrx_word' id='word_1_695' title='bbox 602 5004 644 5048; x_wconf 89' lang='lat' dir='ltr'><strong>ex</strong></span> <span class='ocrx_word' id='word_1_696' title='bbox 664 4981 870 5067; x_wconf 88' lang='lat' dir='ltr'><strong>singulorum</strong></span> <span class='ocrx_word' id='word_1_697' title='bbox 893 4983 1065 5047; x_wconf 84' lang='lat' dir='ltr'><strong>rooatione</strong></span> <span class='ocrx_word' id='word_1_698' title='bbox 1086 5001 1165 5064; x_wconf 90' lang='lat' dir='ltr'><strong>pen·</strong></span> <span class='ocrx_word' id='word_1_699' title='bbox 1218 4979 1421 5045; x_wconf 87' lang='lat' dir='ltr'><strong>dominorum</strong></span> <span class='ocrx_word' id='word_1_700' title='bbox 1443 4980 1587 5061; x_wconf 84' lang='lat' dir='ltr'><strong>saevitia,</strong></span> <span class='ocrx_word' id='word_1_701' title='bbox 1608 4980 1701 5048; x_wconf 88' lang='lat' dir='ltr'><strong>Deus</strong></span> <span class='ocrx_word' id='word_1_702' title='bbox 1722 4982 1792 5066; x_wconf 90' lang='lat' dir='ltr'><strong>ipse</strong></span> <span class='ocrx_word' id='word_1_703' title='bbox 1813 4980 1969 5048; x_wconf 90' lang='lat' dir='ltr'><strong>ultionem</strong></span> <span class='ocrx_word' id='word_1_704' title='bbox 1992 4983 2107 5066; x_wconf 82' lang='lat' dir='ltr'><strong>sapiet,</strong></span> <span class='ocrx_word' id='word_1_705' title='bbox 2129 5000 2188 5047; x_wconf 84' lang='lat' dir='ltr'><strong>neo</strong></span> 
     </span>
     <span class='ocr_line' id='line_1_54' title="bbox 195 5065 2187 5154; baseline -0.003 -18"><span class='ocrx_word' id='word_1_706' title='bbox 195 5068 291 5137; x_wconf 91' lang='lat' dir='ltr'><strong>dent:</strong></span> <span class='ocrx_word' id='word_1_707' title='bbox 319 5071 354 5136; x_wconf 93' lang='lat' dir='ltr'><strong>in</strong></span> <span class='ocrx_word' id='word_1_708' title='bbox 376 5067 493 5154; x_wconf 92' lang='lat' dir='ltr'><strong>quibus</strong></span> <span class='ocrx_word' id='word_1_709' title='bbox 514 5067 692 5134; x_wconf 90' lang='lat' dir='ltr'><strong>traetandis</strong></span> <span class='ocrx_word' id='word_1_710' title='bbox 713 5087 952 5152; x_wconf 69' lang='lat' dir='ltr'><strong>supemaeuum</strong></span> <span class='ocrx_word' id='word_1_711' title='bbox 974 5068 1058 5133; x_wconf 80' lang='lat' dir='ltr'><strong>foret</strong></span> <span class='ocrx_word' id='word_1_712' title='bbox 1079 5066 1164 5132; x_wconf 93' lang='lat' dir='ltr'><strong>mul-</strong></span> <span class='ocrx_word' id='word_1_713' title='bbox 1216 5065 1357 5133; x_wconf 87' lang='lat' dir='ltr'><strong>infliotas</strong></span> <span class='ocrx_word' id='word_1_714' title='bbox 1378 5065 1459 5149; x_wconf 91' lang='lat' dir='ltr'><strong>ipsis</strong></span> <span class='ocrx_word' id='word_1_715' title='bbox 1480 5066 1615 5133; x_wconf 89' lang='lat' dir='ltr'><strong>iniurias</strong></span> <span class='ocrx_word' id='word_1_716' title='bbox 1636 5066 1708 5134; x_wconf 91' lang='lat' dir='ltr'><strong>ideo</strong></span> <span class='ocrx_word' id='word_1_717' title='bbox 1722 5067 1867 5152; x_wconf 90' lang='lat' dir='ltr'><strong>negliget</strong></span> <span class='ocrx_word' id='word_1_718' title='bbox 1887 5067 1973 5154; x_wconf 92' lang='lat' dir='ltr'><strong>quod</strong></span> <span class='ocrx_word' id='word_1_719' title='bbox 1996 5067 2083 5134; x_wconf 83' lang='lat' dir='ltr'><strong>servi</strong></span> <span class='ocrx_word' id='word_1_720' title='bbox 2104 5068 2187 5141; x_wconf 86' lang='lat' dir='ltr'><strong>eins:</strong></span> 
     </span>
     <span class='ocr_line' id='line_1_55' title="bbox 192 5150 2186 5239; baseline -0.004 -15"><span class='ocrx_word' id='word_1_721' title='bbox 192 5162 265 5223; x_wconf 83' lang='lat' dir='ltr'><strong>tum</strong></span> <span class='ocrx_word' id='word_1_722' title='bbox 286 5154 462 5223; x_wconf 80' lang='lat' dir='ltr'><strong>verborum</strong></span> <span class='ocrx_word' id='word_1_723' title='bbox 487 5154 667 5219; x_wconf 88' lang='lat' dir='ltr'><strong>insumere:</strong></span> <span class='ocrx_word' id='word_1_724' title='bbox 695 5154 773 5237; x_wconf 90' lang='lat' dir='ltr'><strong>qnia</strong></span> <span class='ocrx_word' id='word_1_725' title='bbox 800 5154 865 5219; x_wconf 90' lang='lat' dir='ltr'><strong>iam</strong></span> <span class='ocrx_word' id='word_1_726' title='bbox 896 5151 932 5216; x_wconf 94' lang='lat' dir='ltr'><strong>in</strong></span> <span class='ocrx_word' id='word_1_727' title='bbox 961 5150 1097 5236; x_wconf 90' lang='lat' dir='ltr'><strong>epistola</strong></span> <span class='ocrx_word' id='word_1_728' title='bbox 1123 5150 1166 5218; x_wconf 88' lang='lat' dir='ltr'><strong>ad</strong></span> <span class='ocrx_word' id='word_1_729' title='bbox 1205 5172 1319 5235; x_wconf 89' lang='lat' dir='ltr'><strong>quum</strong></span> <span class='ocrx_word' id='word_1_730' title='bbox 1351 5152 1437 5236; x_wconf 89' lang='lat' dir='ltr'><strong>apud</strong></span> <span class='ocrx_word' id='word_1_731' title='bbox 1472 5171 1548 5217; x_wconf 90' lang='lat' dir='ltr'><strong>eum</strong></span> <span class='ocrx_word' id='word_1_732' title='bbox 1581 5173 1647 5218; x_wconf 92' lang='lat' dir='ltr'><strong>non</strong></span> <span class='ocrx_word' id='word_1_733' title='bbox 1685 5153 1727 5220; x_wconf 89' lang='lat' dir='ltr'><strong>sit</strong></span> <span class='ocrx_word' id='word_1_734' title='bbox 1759 5173 1974 5239; x_wconf 88' lang='lat' dir='ltr'><strong>personarum</strong></span> <span class='ocrx_word' id='word_1_735' title='bbox 2010 5165 2186 5238; x_wconf 75' lang='lat' dir='ltr'><strong>respectus.</strong></span> 
     </span>
     <span class='ocr_line' id='line_1_56' title="bbox 178 5236 2186 5326; baseline -0.002 -18"><span class='ocrx_word' id='word_1_736' title='bbox 178 5241 358 5326; x_wconf 72' lang='lat' dir='ltr'><strong>&#39;Ephesios</strong></span> <span class='ocrx_word' id='word_1_737' title='bbox 380 5239 446 5305; x_wconf 83' lang='lat' dir='ltr'><strong>dixi</strong></span> <span class='ocrx_word' id='word_1_738' title='bbox 470 5240 537 5305; x_wconf 87' lang='lat' dir='ltr'><strong>fers</strong></span> <span class='ocrx_word' id='word_1_739' title='bbox 558 5252 718 5323; x_wconf 85' lang='lat' dir='ltr'><strong>quantum</strong></span> <span class='ocrx_word' id='word_1_740' title='bbox 740 5258 820 5324; x_wconf 85' lang='lat' dir='ltr'><strong>opus</strong></span> <span class='ocrx_word' id='word_1_741' title='bbox 842 5246 923 5306; x_wconf 89' lang='lat' dir='ltr'><strong>erat.</strong></span> <span class='ocrx_word' id='word_1_742' title='bbox 967 5237 1033 5304; x_wconf 87' lang='lat' dir='ltr'><strong>Hio</strong></span> <span class='ocrx_word' id='word_1_743' title='bbox 1054 5251 1165 5307; x_wconf 82' lang='lat' dir='ltr'><strong>tamen</strong></span> <span class='ocrx_word' id='word_1_744' title='bbox 1218 5238 1332 5306; x_wconf 88' lang='lat' dir='ltr'><strong>Posset</strong></span> <span class='ocrx_word' id='word_1_745' title='bbox 1354 5238 1442 5304; x_wconf 88' lang='lat' dir='ltr'><strong>enim</strong></span> <span class='ocrx_word' id='word_1_746' title='bbox 1471 5236 1553 5306; x_wconf 89' lang='lat' dir='ltr'><strong>haee</strong></span> <span class='ocrx_word' id='word_1_747' title='bbox 1579 5240 1731 5326; x_wconf 76' lang='lat' dir='ltr'><strong>mgitstio</strong></span> <span class='ocrx_word' id='word_1_748' title='bbox 1760 5238 1827 5308; x_wconf 90' lang='lat' dir='ltr'><strong>illis</strong></span> <span class='ocrx_word' id='word_1_749' title='bbox 1854 5239 2000 5307; x_wconf 83' lang='lat' dir='ltr'><strong>animum</strong></span> <span class='ocrx_word' id='word_1_750' title='bbox 2028 5239 2186 5321; x_wconf 87' lang='lat' dir='ltr'><strong>minuere,</strong></span> 
     </span>
    </p>
   </div>
   <div class='ocr_carea' id='block_1_3' title="bbox 0 0 2386 6016">
    <p class='ocr_par' dir='ltr' id='par_1_9' title="bbox 0 0 2386 6016">
     <span class='ocr_line' id='line_1_57' title="bbox 0 0 2386 6016; baseline 0 0"><span class='ocrx_word' id='word_1_751' title='bbox 0 0 2386 6016; x_wconf 95' lang='lat' dir='ltr'><strong> </strong></span> 
     </span>
    </p>
   </div>
  </div>
 </body>
</html>
