4762 6016
528 1455 711 1537 CAPUT
734 1455 766 1535 Ι,
1192 1453 1329 1521 dicando
1359 1473 1414 1519 eos
1444 1473 1581 1529 armare,
1613 1473 1654 1518 ne
1678 1453 1776 1519 fidem
1805 1473 1899 1519 snam
1931 1455 2060 1521 concuti
2082 1454 2171 1521 sine·

1191 1551 1264 1605 rent
1292 1538 1628 1623 apseudoapostolis:
1657 1539 1749 1626 quasi
1778 1538 1876 1604 dnbio
1905 1548 1990 1607 esset
2018 1542 2168 1625 ipsorum

250 1627 278 1690 l.
304 1624 438 1705 PauluS,
453 1627 613 1706 apostotus
635 1626 712 1693 Iesu
736 1625 854 1694 Christi
870 1647 933 1708 per
952 1625 1137 1691 catumeum
1191 1626 1336 1708 vocatio,
1372 1632 1406 1690 et
1438 1625 1502 1690 alia
1538 1625 1654 1691 salutis
1687 1626 1770 1690 ratio
1806 1627 2001 1707 quaerenda.
2058 1626 2168 1692 Simul

160 1711 238 1794 Dei,
260 1713 379 1778 sanctia
398 1713 540 1778 mnibus
560 1713 617 1794 qui
636 1718 710 1777 sum
730 1711 862 1796 Ephesi,
887 1711 1083 1793 dfidetilrus
1102 1712 1137 1775 iu
1190 1721 1300 1777 antem
1323 1711 1416 1777 docet
1438 1712 1473 1776 in
1491 1730 1555 1794 qno
1573 1713 1729 1778 consistat
1748 1710 1846 1794 plena
1863 1711 1978 1778 salutis
1996 1712 2167 1791 certitudo,

164 1796 288 1864 Christo
313 1797 398 1880 lesu,
443 1798 472 1863 2.
501 1799 609 1882 pratia
637 1798 723 1864 uobis
754 1803 781 1864 et
804 1819 874 1880 poa
903 1820 925 1862 a
954 1796 1023 1862 Deo
1043 1801 1137 1878 patre
1190 1817 1307 1879 nempe
1336 1817 1434 1881 quum
1467 1797 1559 1862 Dens
1599 1818 1658 1880 per
1689 1796 1899 1880 evangelium
1940 1797 2033 1864 nobis
2068 1819 2166 1864 snum

160 1889 267 1950 uestro
288 1889 317 1949 ct
338 1882 478 1950 Domim
500 1884 575 1949 Iesu
599 1882 730 1950 Christo.
774 1885 805 1950 3.
839 1883 1027 1949 Benedictus
1046 1882 1137 1948 Deus
1189 1903 1331 1948 amorem
1364 1883 1518 1965 patefacit
1550 1883 1584 1948 in
1618 1883 1761 1950 Christo.
1807 1882 1933 1948 Verum
1964 1904 2028 1967 qno
2061 1886 2167 1949 maior

158 1975 192 2034 et
207 1975 304 2052 pater
320 1968 452 2034 Domini
474 1971 573 2034 uestri
591 1970 667 2034 lesu
685 1968 813 2053 Otristi,
835 1970 891 2052 qui
907 1969 1061 2034 benedicit
1080 1987 1137 2034 uos
1188 1969 1393 2034 confirmatio
1422 1966 1562 2049 accedat,
1592 1969 1632 2033 ad
1661 1969 1803 2051 primam
1825 1988 1957 2034 causam
1988 1991 2043 2036 eos
2072 1989 2167 2034 revo-

161 2055 199 2120 iu
215 2055 299 2120 omui
317 2054 520 2120 bmedictioue
536 2055 700 2137 spirituali
717 2055 983 2122 iumetestibusia
996 2054 1137 2120 Christo:
1189 2065 1249 2126 cat.
1280 2063 1313 2119 et
1335 2054 1427 2136 qnasi
1457 2056 1595 2118 lentem:
1626 2075 1743 2136 nempe
1773 2063 1942 2120 aeternam
1972 2055 2166 2121 electionem

161 2143 194 2205 4.
227 2141 487 2221 queamdmodum
508 2140 599 2224 clepit
619 2161 676 2207 nos
695 2143 729 2207 iu
750 2143 818 2225 ipso
833 2146 904 2208 autc
925 2141 1037 2206 mundi
1051 2159 1136 2206 aea·
1189 2141 1261 2219 Dei,
1295 2161 1368 2221 qna,
1401 2139 1547 2204 nondum
1582 2142 1659 2218 neti,
1693 2140 1888 2221 adoptamur
1922 2142 1956 2205 in
1989 2141 2088 2206 lilios:
2127 2149 2166 2206 nt

161 2229 287 2308 tiouern,
314 2232 348 2290 ut
369 2227 471 2292 simus
491 2227 591 2292 sancti
615 2231 642 2292 et
663 2227 816 2308 inculpati
844 2230 880 2292 iu
900 2231 1058 2307 conspectu
1079 2245 1136 2292 suo
1188 2228 1293 2292 sciant
1316 2233 1450 2290 aeterno
1472 2224 1536 2290 Dei
1564 2233 1597 2289 ot
1618 2225 1815 2291 immutabili
1847 2224 1975 2291 decreto
1998 2246 2033 2292 se
2055 2225 2165 2292 salvos

157 2333 218 2395 per
238 2311 437 2377 charitatem:
482 2312 513 2377 5.
542 2312 599 2394 qui
623 2313 867 2393 praedestinavit
898 2333 955 2378 aas
982 2313 1018 2377 iu
1040 2313 1136 2392 adop·
1189 2313 1287 2377 inisse
1309 2311 1421 2391 iactos,
1445 2331 1510 2375 non
1532 2311 1664 2378 fortuito
1686 2312 1796 2393 aliquo
1817 2318 1971 2376 omnent
1992 2313 2165 2394 repentina

163 2399 277 2463 tionem
293 2417 354 2479 per
375 2397 482 2463 Iesum
505 2395 665 2465 Christum
687 2400 722 2465 in
743 2419 776 2463 se
797 2401 878 2480 ipso,
900 2399 1069 2465 secuudum
1090 2397 1137 2462 be-
1188 2399 1364 2463 occesione.
1398 2395 1548 2460 Verbum
1563 2406 1672 2462 antem
1702 2395 1982 2461 benedicendi
2007 2396 2061 2463 hic
2076 2397 2167 2463 varie

164 2484 353 2564 ueplacitum
371 2483 537 2548 voluntatis
554 2504 640 2565 suae,
680 2484 710 2549 6.
733 2485 769 2550 iu
790 2484 915 2550 laudem
927 2484 1047 2567 alariae
1062 2503 1137 2567 gra·
1189 2484 1346 2565 accipitur
1370 2492 1466 2564 prout
1494 2482 1545 2548 rel
1573 2481 1614 2547 ad
1638 2483 1746 2548 Deum
1774 2481 1922 2558 retertur,
1953 2483 2006 2547 vel
2036 2481 2077 2547 sd
2108 2481 2167 2546 ho·

164 2571 230 2636 tiae
250 2590 337 2652 mae,
356 2589 419 2651 qua
439 2589 495 2636 uos
514 2574 622 2654 matos
642 2569 752 2636 babuit
772 2570 808 2635 iu
829 2570 943 2637 dilecto.
1191 2570 1301 2634 mines.
1339 2568 1481 2651 Reperio
1501 2576 1610 2632 autem
1629 2566 1874 2650 quadruplicem
1893 2568 2165 2652 significationem

1190 2657 1223 2718 in
1246 2656 1416 2736 scripture.
1462 2654 1582 2719 Nostra
1614 2673 1692 2736 erga
1715 2653 1823 2717 Deum
1847 2653 2028 2720 benedictio
2058 2653 2165 2719 laudis

253 2740 281 2806 l.
314 2739 439 2806 Paulus
459 2741 629 2826 apostolus,
675 2741 817 2823 Quando
844 2739 955 2804 eadam
988 2740 1054 2805 lere
1082 2747 1137 2803 aut
1190 2748 1256 2821 est,
1290 2738 1369 2804 dum
1402 2740 1470 2805 eins
1506 2739 1754 2806 beneficentiam
1784 2738 2018 2820 praedicamus.
2074 2738 2167 2806 Deus

165 2826 280 2892 saltem
304 2848 368 2890 non
387 2827 526 2891 multum
546 2827 675 2893 diversa
688 2829 724 2893 in
740 2827 890 2892 omnibus
917 2826 1063 2908 epistolis
1085 2846 1138 2890 sa·
1191 2832 1300 2890 antem
1317 2823 1409 2889 nobis
1427 2825 1547 2890 dicitur
1571 2824 1770 2899 benedicere,
1796 2845 1896 2906 qnnm
1920 2824 2049 2892 felicem
2066 2826 2165 2891 rebus

166 2912 335 2976 tutationis
365 2912 468 2976 lorma
491 2914 611 2976 ntitnr:
642 2933 882 2996 supervacuum
905 2923 990 2977 esset
1012 2913 1065 2976 hic
1088 2932 1137 2975 re·
1191 2913 1313 2977 nostris
1335 2909 1391 2974 dat
1425 2929 1610 2976 successum
1637 2920 1670 2976 et
1692 2930 1751 2976 nos
1773 2930 1833 2975 sna
1855 2909 2068 2977 beneficentia
2090 2931 2168 2993 pro·

167 3007 276 3080 petere
298 3017 383 3079 quae
411 2998 487 3062 alibi
509 2999 596 3064 dicta
624 3011 710 3064 sunt.
757 2998 951 3082 Apostolum
980 3018 1015 3062 se
1046 3004 1140 3063 vocet
1191 2998 1347 3079 sequitur,
1376 2998 1421 3060 its
1444 3006 1481 3061 ut
1503 2997 1586 3063 bene
1608 3007 1642 3062 et
1665 3015 1818 3078 prospere
1847 2997 1890 3060 sit
1919 2997 2021 3063 nobis.
2065 2997 2167 3063 Ratio

169 3083 242 3148 Iesn
277 3080 412 3149 Christi.
465 3085 548 3148 Nam
583 3082 743 3167 legatione
776 3106 834 3169 pro
865 3085 922 3149 illo
956 3085 1140 3166 funguntur
1192 3093 1249 3160 est,
1272 3084 1349 3165 qnia
1370 3083 1438 3148 solo
1460 3083 1529 3148 eins
1552 3094 1635 3147 nutu
1654 3081 1738 3147 beati
1761 3101 1882 3146 sumne.
1921 3081 2000 3147 Ideo
2023 3082 2168 3149 notanda

166 3189 280 3234 omncs
301 3169 419 3251 quibus
448 3170 557 3233 datam
584 3181 633 3235 est
661 3172 878 3236 ministerium
906 3169 1139 3235 reconciliatio-
1192 3182 1241 3235 est
1263 3168 1421 3251 loquutio,
1450 3187 1516 3251 qna
1537 3168 1704 3252 eleganter
1733 3167 1889 3250 exprimit
1910 3178 2068 3249 qnantum
2091 3167 2168 3231 snb·

168 3256 228 3320 nis.
267 3254 473 3338 Quamquam
497 3275 614 3319 nomen
634 3256 771 3339 apostoli
793 3259 898 3340 magis
916 3267 968 3320 est
989 3255 1139 3338 speciale.
1192 3256 1236 3319 sit
1257 3254 1388 3319 virtutis
1410 3256 1446 3318 in
1467 3253 1536 3319 solo
1554 3255 1624 3319 eins
1647 3252 1757 3319 verbo.
1796 3251 1956 3318 Homines
1973 3254 2034 3319 sibi
2054 3261 2168 3319 mutuo

166 3340 281 3422 Neque
322 3340 408 3404 enim
446 3342 553 3423 quivis
586 3342 759 3425 Evangelii
795 3343 947 3407 minister
991 3343 1140 3424 protinus
1193 3340 1388 3406 benedicunt
1415 3339 1585 3423 precando.
1631 3339 1851 3406 sacerdotalis
1880 3337 2061 3404 benedictio
2089 3359 2169 3423 erga

165 3426 265 3490 etiam
287 3426 1036 3511 estapostolus:revidebimusinfral,11.
1081 3427 1140 3491 Ve-
1192 3427 1360 3492 ecclesiam
1383 3435 1416 3491 et
1438 3446 1705 3508 unumquemque
1727 3424 1872 3490 fidelium
1897 3425 1990 3490 ultru-
2012 3426 2171 3508 precatio-

168 3531 240 3575 rum
265 3511 304 3576 de
325 3512 386 3577 hac
418 3532 454 3576 re
477 3513 570 3593 plura
593 3513 632 3576 ad
656 3513 801 3578 Galatas.
847 3513 949 3578 Addit
975 3534 1047 3596 per
1069 3534 1140 3577 vo·
1192 3533 1266 3577 nem
1291 3512 1351 3577 hoc
1373 3532 1500 3597 quoqne
1521 3511 1628 3587 habet,
1657 3510 1743 3593 quod
1767 3510 1991 3576 testimonium
2020 3520 2054 3577 et
2075 3513 2169 3595 qnasi

169 3597 375 3661 lnntatem
399 3595 485 3662 Dei.
523 3598 609 3678 Quia
632 3619 727 3662 nemo
749 3600 811 3663 sibi
834 3600 988 3664 honorem
1011 3619 1140 3664 sumere
1193 3599 1312 3681 pignus
1334 3610 1386 3663 ost
1407 3597 1538 3663 divinae
1560 3595 1804 3663 benedictionis.
1843 3593 1930 3676 Quia
1949 3597 2029 3663 haeo
2047 3596 2169 3681 legatio

164 3682 271 3759 debet,
300 3683 356 3747 sed
379 3684 598 3765 exspectanda
622 3686 684 3748 Dei
708 3686 841 3765 vocatio,
868 3705 951 3767 quae
978 3685 1140 3768 legitimos
1192 3684 1415 3749 sacerdotibus
1437 3692 1488 3748 est
1508 3684 1690 3763 commissa,
1713 3692 1749 3745 ut
1772 3683 1964 3748 benedicant
1987 3685 2019 3747 in
2036 3684 2169 3751 nomine

167 3769 333 3833 ministros
362 3768 431 3833 sola
460 3770 553 3833 facit:
582 3775 676 3851 atque
698 3771 743 3834 ita
766 3770 829 3836 Dui
857 3772 1055 3836 autoritatem
1083 3771 1141 3834 im·
1193 3769 1337 3835 Domini.
1390 3769 1513 3835 Paulus
1540 3787 1618 3853 ergo
1647 3767 1700 3834 hio
1731 3769 1837 3833 Deum
1869 3767 2032 3834 benedicit
2060 3770 2168 3836 laudis

161 3853 331 3934 proborum
352 3855 682 3935 amorrhaeorum,
704 3876 817 3921 ausam
837 3858 1013 3922 temerariis
1034 3856 1141 3922 litibus
1192 3856 1402 3936 confessione,
1424 3855 1500 3938 quia
1522 3875 1596 3919 nos
1618 3852 1904 3932 benedixerit,
1929 3855 1989 3920 hoo
2012 3863 2062 3919 est
2082 3855 2170 3921 loon-

161 3940 330 4019 prueeidit.
374 3939 559 4005 Sanctos
589 3944 735 4006 nominat
763 3943 892 4006 eosdem
922 3963 1003 4022 quos
1031 3952 1141 4025 postea
1193 3941 1368 4022 pietaverit
1398 3941 1487 4007 omni
1517 3939 1742 4005 benedictione
1771 3939 1823 4005 vel
1852 3941 1969 4024 gratia.
2013 3940 2089 4006 Non
2119 3962 2170 4006 re·

167 4024 327 4089 fideles
350 4027 389 4088 in
414 4025 596 4091 Christo.
642 4029 841 4110 ldrgonemo
862 4026 975 4106 fidelis,
999 4029 1062 4092 nisi
1085 4029 1140 4109 qni
1193 4046 1304 4110 pugno
1333 4027 1569 4111 Ohrysostomo
1597 4027 1677 4108 quin
1710 4025 1893 4107 epithetum
1926 4027 2170 4109 spiritualis

168 4112 265 4174 etiam
294 4124 441 4175 sanctus:
472 4124 505 4175 et
535 4134 629 4177 nemo
658 4133 789 4177 rursum
820 4125 961 4192 sanetus,
995 4114 1058 4177 nisi
1086 4115 1139 4197 qni
1192 4113 1359 4178 contineat
1397 4113 1530 4177 tacitam
1570 4111 1750 4176 antithesin
1791 4113 1877 4176 inter
1916 4113 2092 4178 mosaicam
2137 4126 2170 4180 et

169 4194 281 4261 tidelis.
320 4195 431 4262 Maior
439 4218 523 4279 pars
537 4217 721 4281 praecorum
736 4199 958 4280 exemplarium
975 4219 1036 4264 aaa
1051 4199 1141 4264 babet
1193 4198 1316 4263 Christi
1339 4199 1605 4264 benedictionem.
1643 4198 1716 4261 Lex
1739 4198 1826 4261 enim
1845 4196 1957 4261 habuit
1979 4219 2055 4264 suas
2070 4200 2168 4266 bene-

165 4281 327 4347 omuibuo:
348 4283 432 4364 quod
454 4290 554 4349 tamea
576 4285 675 4349 delere
696 4285 794 4366 uolui,
822 4286 898 4366 quia
927 4284 1046 4366 alioqui
1066 4283 1140 4351 culr-
1193 4283 1359 4362 dictiones,
1383 4283 1440 4349 sed
1459 4285 1614 4366 perfectio
1637 4304 1702 4347 non
1717 4292 1767 4347 est
1781 4284 1845 4347 nisi
1868 4284 1900 4346 in
1917 4282 2067 4350 Christo:
2091 4287 2169 4369 qnia

168 4367 359 4434 audiendum
379 4373 432 4432 est.
1194 4369 1247 4435 hic
1268 4371 1410 4452 perlecta
1431 4374 1483 4433 est
1504 4368 1661 4434 revelatio
1683 4369 1777 4452 regni
1797 4367 1871 4449 Dei,
1894 4390 1976 4451 qnae
1999 4392 2058 4437 nos
2080 4382 2169 4437 recta

252 4453 282 4519 3.
305 4453 494 4520 Benedictus
508 4455 606 4521 Deus.
644 4455 821 4538 Magnifice
838 4455 967 4519 extollit
984 4457 1045 4521 Dei
1068 4475 1140 4539 gra·
1192 4456 1227 4518 in
1256 4456 1383 4520 coelum
1413 4454 1511 4520 ducit.
1557 4454 1701 4520 Proinde
1730 4453 1811 4518 nihil
1842 4475 1924 4537 opus
1953 4455 2079 4540 liguris,
2114 4457 2169 4522 ubi

171 4540 246 4603 tiam
281 4560 360 4624 erga
393 4540 566 4623 Ephesios,
602 4555 639 4606 nt
672 4541 712 4605 ad
750 4540 983 4625 gratitudinem
1021 4543 1141 4607 excitet
1192 4560 1310 4623 corpus
1330 4542 1439 4623 ipsum
1462 4552 1512 4607 est
1543 4540 1734 4606 exhibitum.
1779 4537 1890 4621 Quum
1914 4539 1991 4606 dicit
2012 4543 2055 4606 in
2076 4562 2166 4607 coe·

171 4643 280 4689 corum
310 4624 416 4705 corda,
449 4627 514 4690 imo
554 4637 622 4691 tote
652 4628 842 4710 inflammet,
874 4632 1009 4710 occupet
1041 4637 1140 4709 atque
1192 4626 1390 4704 lestibns,
1420 4647 1486 4691 non
1516 4626 1655 4691 mnltnm
1685 4627 1787 4691 refert
1814 4625 1990 4692 subaudias
2016 4626 2094 4693 locis
2122 4650 2165 4693 an

171 4710 303 4792 impleat
325 4711 385 4777 hae
408 4713 613 4793 cogitatione.
657 4713 743 4777 Nam
772 4715 829 4795 qni
851 4722 917 4777 tam
945 4714 1081 4779 effusam
1104 4715 1139 4777 in
1192 4712 1293 4777 honis.
1332 4713 1477 4777 Tantum
1491 4712 1591 4777 voluit
1609 4711 1753 4777 indicare
1776 4713 2012 4794 praestantiam
2026 4716 2164 4796 gratiae,

169 4815 203 4861 se
224 4806 406 4880 agnoscunt
429 4798 491 4862 Dei
514 4798 700 4874 bonitatem,
728 4813 764 4863 ut
788 4799 868 4863 nihil
895 4799 979 4864 desit
1000 4799 1041 4864 ad
1064 4799 1139 4865 soli·
1192 4818 1275 4880 quas
1297 4819 1354 4880 per
1367 4797 1536 4863 Christum
1554 4799 1647 4865 nobis
1664 4799 1840 4874 confertur,
1863 4799 1939 4879 quia
1957 4799 2081 4864 scilieet
2100 4821 2168 4866 non

171 4882 246 4947 dam
268 4884 553 4967 complementum,
576 4895 610 4949 et
631 4885 664 4949 in
688 4885 749 4949 hac
771 4883 980 4949 meditatione
1001 4905 1036 4950 se
1058 4886 1140 4951 assi·
1191 4885 1227 4948 in
1258 4883 1389 4964 mundo,
1417 4883 1474 4949 sed
1496 4884 1540 4953 in¹
1559 4884 1647 4949 coelo
1667 4893 1701 4949 et
1730 4884 1796 4948 rita
1822 4894 1956 4948 aeterna
1983 4906 2042 4950 nos
2071 4887 2168 4952 iaciat

167 4967 231 5032 dne
252 4978 423 5035 exercent:
451 4971 473 5032 ii
506 4990 671 5053 nunquam
694 4969 870 5034 admittent
897 4990 1000 5036 noras
1022 4971 1138 5036 doctri·
1192 4968 1312 5035 beatos.
1358 4969 1465 5034 Habet
1493 4969 1626 5051 quidem
1655 4969 1769 5050 religio
1802 4968 1980 5036 christiana
2008 4969 2059 5054 (ut
2089 4973 2166 5039 alibi

171 5074 236 5129 nas,
265 5074 348 5136 quae
375 5055 551 5121 obscurent
570 5056 660 5119 illam
687 5057 790 5138 ipsam
813 5055 962 5138 gratiam,
985 5077 1081 5139 qnam
1105 5058 1140 5121 in
1193 5055 1295 5132 docet,
1324 5055 1353 5120 1.
1372 5056 1455 5121 Tim.
1478 5055 1510 5135 4,
1532 5054 1565 5140 8)
1588 5056 1817 5138 promissiones
1841 5077 1905 5121 non
1927 5057 2057 5122 futurae
2079 5060 2168 5126 vitae

172 5158 204 5204 se
224 5140 401 5206 elliceciter
422 5142 488 5207 iam
511 5143 666 5207 sentiunt.
707 5141 796 5225 Ergo
819 5143 894 5206 linis
912 5142 1049 5226 apostoli
1072 5144 1142 5222 tuit,
1194 5142 1298 5218 modo,
1321 5141 1378 5206 sed
1401 5142 1500 5206 etium
1518 5143 1707 5224 praesentis.
1747 5140 1875 5224 Scopns
1897 5152 2009 5207 tamen
2031 5150 2082 5211 est
2103 5147 2169 5228 spi·

171 5221 299 5292 divinae
317 5247 396 5311 erga
416 5226 579 5310 Ephesios
608 5228 731 5310 gratiae
758 5228 1017 5312 magnitudinem
1048 5248 1140 5312 prae·
1195 5227 1321 5293 ritualis
1336 5227 1487 5294 felicitas:
1509 5228 1605 5293 sicuti
1620 5226 1746 5294 Christi
1765 5249 1902 5311 rognum
1918 5239 1967 5293 est
1987 5231 2169 5314 spirituale.

269 5345 383 5402 caasa
399 5362 494 5416 aaa
522 5344 650 5403 ram
1909 5345 1945 5402 10
