<?xml version="1.0" encoding="UTF-8"?>
<!DOCTYPE html PUBLIC "-//W3C//DTD XHTML 1.0 Transitional//EN"
    "http://www.w3.org/TR/xhtml1/DTD/xhtml1-transitional.dtd">
<html xmlns="http://www.w3.org/1999/xhtml" xml:lang="en" lang="en">
 <head>
  <title>
</title>
<meta http-equiv="Content-Type" content="text/html;charset=utf-8" />
  <meta name='ocr-system' content='tesseract 3.04.00' />
  <meta name='ocr-capabilities' content='ocr_page ocr_carea ocr_par ocr_line ocrx_word'/>
</head>
<body>
  <div class='ocr_page' id='page_1' title='image "./ioanniscalvinio00calvgoog/ioanniscalvinio00calvgoog_0608.png"; bbox 0 0 4740 6016; ppageno 0'>
   <div class='ocr_carea' id='block_1_1' title="bbox 180 337 2191 412">
    <p class='ocr_par' dir='ltr' id='par_1_1' title="bbox 180 337 2191 412">
     <span class='ocr_line' id='line_1_1' title="bbox 180 337 2191 412; baseline 0 -3"><span class='ocrx_word' id='word_1_1' title='bbox 180 347 246 412; x_wconf 73' lang='lat'><strong>425</strong></span> <span class='ocrx_word' id='word_1_2' title='bbox 1071 338 1223 406; x_wconf 78' lang='lat' dir='ltr'><strong>OAPU&#39;P</strong></span> <span class='ocrx_word' id='word_1_3' title='bbox 1245 337 1309 404; x_wconf 89' lang='grc' dir='ltr'><strong>ΙΙΙ.</strong></span> <span class='ocrx_word' id='word_1_4' title='bbox 2126 343 2191 410; x_wconf 81' lang='grc'><strong>426</strong></span> 
     </span>
    </p>
   </div>
   <div class='ocr_carea' id='block_1_2' title="bbox 179 531 2192 5341">
    <p class='ocr_par' dir='ltr' id='par_1_2' title="bbox 179 531 2192 5341">
     <span class='ocr_line' id='line_1_2' title="bbox 179 531 2191 621; baseline -0.002 -13"><span class='ocrx_word' id='word_1_5' title='bbox 179 549 284 608; x_wconf 83' lang='grc' dir='ltr'>ιιιοιιο</span> <span class='ocrx_word' id='word_1_6' title='bbox 317 539 358 605; x_wconf 89' lang='lat' dir='ltr'><strong>ad</strong></span> <span class='ocrx_word' id='word_1_7' title='bbox 390 540 475 605; x_wconf 89' lang='lat' dir='ltr'><strong>bona</strong></span> <span class='ocrx_word' id='word_1_8' title='bbox 505 558 604 621; x_wconf 88' lang='lat' dir='ltr'><strong>opere</strong></span> <span class='ocrx_word' id='word_1_9' title='bbox 632 537 733 603; x_wconf 86' lang='lat' dir='ltr'><strong>luisse</strong></span> <span class='ocrx_word' id='word_1_10' title='bbox 761 544 974 612; x_wconf 87' lang='lat' dir='ltr'><strong>consecratos,</strong></span> <span class='ocrx_word' id='word_1_11' title='bbox 1007 554 1088 600; x_wconf 90' lang='lat' dir='ltr'><strong>usus</strong></span> <span class='ocrx_word' id='word_1_12' title='bbox 1107 543 1158 600; x_wconf 89' lang='lat' dir='ltr'><strong>est</strong></span> <span class='ocrx_word' id='word_1_13' title='bbox 1209 533 1256 598; x_wconf 91' lang='lat' dir='ltr'><strong>ita</strong></span> <span class='ocrx_word' id='word_1_14' title='bbox 1286 531 1325 596; x_wconf 89' lang='lat' dir='ltr'><strong>fit</strong></span> <span class='ocrx_word' id='word_1_15' title='bbox 1355 539 1392 597; x_wconf 93' lang='lat' dir='ltr'><strong>ut</strong></span> <span class='ocrx_word' id='word_1_16' title='bbox 1421 553 1518 598; x_wconf 90' lang='lat' dir='ltr'><strong>nemo</strong></span> <span class='ocrx_word' id='word_1_17' title='bbox 1545 553 1580 598; x_wconf 92' lang='lat' dir='ltr'><strong>se</strong></span> <span class='ocrx_word' id='word_1_18' title='bbox 1604 532 1699 598; x_wconf 88' lang='lat' dir='ltr'><strong>alteri</strong></span> <span class='ocrx_word' id='word_1_19' title='bbox 1721 532 1862 599; x_wconf 79' lang='lat' dir='ltr'>libenter</span> <span class='ocrx_word' id='word_1_20' title='bbox 1884 534 2045 602; x_wconf 88' lang='lat' dir='ltr'><strong>subiiciat.</strong></span> <span class='ocrx_word' id='word_1_21' title='bbox 2090 537 2191 604; x_wconf 88' lang='lat' dir='ltr'><strong>Prae·</strong></span> 
     </span>
     <span class='ocr_line' id='line_1_3' title="bbox 179 617 2192 713; baseline -0.001 -21"><span class='ocrx_word' id='word_1_22' title='bbox 179 626 375 713; x_wconf 84' lang='lat' dir='ltr'><strong>purifioandi</strong></span> <span class='ocrx_word' id='word_1_23' title='bbox 397 624 506 691; x_wconf 81' lang='lat' dir='ltr'><strong>verbo.</strong></span> <span class='ocrx_word' id='word_1_24' title='bbox 541 623 628 689; x_wconf 90' lang='lat' dir='ltr'><strong>Nam</strong></span> <span class='ocrx_word' id='word_1_25' title='bbox 650 621 824 708; x_wconf 88' lang='lat' dir='ltr'><strong>indignum</strong></span> <span class='ocrx_word' id='word_1_26' title='bbox 847 630 942 700; x_wconf 89' lang='lat' dir='ltr'><strong>esset,</strong></span> <span class='ocrx_word' id='word_1_27' title='bbox 964 621 1079 688; x_wconf 90' lang='lat' dir='ltr'><strong>iisdem</strong></span> <span class='ocrx_word' id='word_1_28' title='bbox 1098 639 1158 685; x_wconf 92' lang='lat' dir='ltr'><strong>nos</strong></span> <span class='ocrx_word' id='word_1_29' title='bbox 1212 628 1303 684; x_wconf 89' lang='lat' dir='ltr'><strong>terea</strong></span> <span class='ocrx_word' id='word_1_30' title='bbox 1334 638 1435 701; x_wconf 91' lang='lat' dir='ltr'><strong>quum</strong></span> <span class='ocrx_word' id='word_1_31' title='bbox 1458 625 1539 684; x_wconf 91' lang='lat' dir='ltr'><strong>tuno</strong></span> <span class='ocrx_word' id='word_1_32' title='bbox 1561 617 1710 684; x_wconf 87' lang='lat' dir='ltr'><strong>riderent</strong></span> <span class='ocrx_word' id='word_1_33' title='bbox 1731 640 1846 684; x_wconf 87' lang='lat' dir='ltr'><strong>omnes</strong></span> <span class='ocrx_word' id='word_1_34' title='bbox 1868 619 1935 685; x_wconf 88' lang='lat' dir='ltr'><strong>lere</strong></span> <span class='ocrx_word' id='word_1_35' title='bbox 1964 621 2080 687; x_wconf 88' lang='lat' dir='ltr'><strong>mundi</strong></span> <span class='ocrx_word' id='word_1_36' title='bbox 2102 634 2192 707; x_wconf 89' lang='lat' dir='ltr'><strong>pote·</strong></span> 
     </span>
     <span class='ocr_line' id='line_1_4' title="bbox 180 703 2192 806; baseline -0 -27"><span class='ocrx_word' id='word_1_37' title='bbox 180 733 311 780; x_wconf 90' lang='lat' dir='ltr'><strong>rursum</strong></span> <span class='ocrx_word' id='word_1_38' title='bbox 335 712 502 795; x_wconf 88' lang='lat' dir='ltr'><strong>inquinari</strong></span> <span class='ocrx_word' id='word_1_39' title='bbox 525 709 684 789; x_wconf 91' lang='lat' dir='ltr'><strong>sordibus,</strong></span> <span class='ocrx_word' id='word_1_40' title='bbox 718 729 737 773; x_wconf 90' lang='lat' dir='ltr'><strong>a</strong></span> <span class='ocrx_word' id='word_1_41' title='bbox 760 707 879 791; x_wconf 90' lang='lat' dir='ltr'><strong>quibus</strong></span> <span class='ocrx_word' id='word_1_42' title='bbox 900 728 961 773; x_wconf 94' lang='lat' dir='ltr'><strong>nos</strong></span> <span class='ocrx_word' id='word_1_43' title='bbox 984 706 1072 772; x_wconf 90' lang='lat' dir='ltr'><strong>filius</strong></span> <span class='ocrx_word' id='word_1_44' title='bbox 1094 704 1159 772; x_wconf 89' lang='lat' dir='ltr'><strong>Dei</strong></span> <span class='ocrx_word' id='word_1_45' title='bbox 1212 713 1315 805; x_wconf 78' lang='lat' dir='ltr'><strong>states</strong></span> <span class='ocrx_word' id='word_1_46' title='bbox 1330 703 1467 770; x_wconf 80' lang='lat' dir='ltr'><strong>Christo</strong></span> <span class='ocrx_word' id='word_1_47' title='bbox 1483 725 1554 770; x_wconf 90' lang='lat' dir='ltr'><strong>esse</strong></span> <span class='ocrx_word' id='word_1_48' title='bbox 1576 703 1741 787; x_wconf 86' lang='lat' dir='ltr'><strong>adversas,</strong></span> <span class='ocrx_word' id='word_1_49' title='bbox 1763 706 1925 806; x_wconf 76' lang='lat' dir='ltr'><strong>putabant</strong></span> <span class='ocrx_word' id='word_1_50' title='bbox 1945 706 2098 792; x_wconf 90' lang='lat' dir='ltr'><strong>indignas</strong></span> <span class='ocrx_word' id='word_1_51' title='bbox 2120 731 2192 778; x_wconf 88' lang='lat' dir='ltr'><strong>esse</strong></span> 
     </span>
     <span class='ocr_line' id='line_1_5' title="bbox 180 788 2191 963; baseline -0 -14"><span class='ocrx_word' id='word_1_52' title='bbox 180 817 432 950; x_wconf 52' lang='lat' dir='ltr'><strong>aangngeHeggc</strong></span> <span class='ocrx_word' id='word_1_53' title='bbox 444 802 610 963; x_wconf 44' lang='lat' dir='ltr'><strong>pm?</strong></span> <span class='ocrx_word' id='word_1_54' title='bbox 638 878 779 946; x_wconf 81' lang='lat' dir='ltr'><strong>Perinde</strong></span> <span class='ocrx_word' id='word_1_55' title='bbox 800 880 889 946; x_wconf 79' lang='lat' dir='ltr'><strong>valet</strong></span> <span class='ocrx_word' id='word_1_56' title='bbox 911 878 992 943; x_wconf 87' lang='lat' dir='ltr'><strong>haee</strong></span> <span class='ocrx_word' id='word_1_57' title='bbox 1013 876 1161 943; x_wconf 87' lang='lat' dir='ltr'><strong>clausula</strong></span> <span class='ocrx_word' id='word_1_58' title='bbox 1212 790 1329 943; x_wconf 50' lang='lat' dir='ltr'><strong>qma</strong></span> <span class='ocrx_word' id='word_1_59' title='bbox 1340 788 1638 958; x_wconf 51' lang='lat' dir='ltr'><strong>glisiikierioriltiloruiiltlg,s</strong></span> <span class='ocrx_word' id='word_1_60' title='bbox 1657 790 1796 944; x_wconf 49' lang='lat' dir='ltr'><strong>thimio</strong></span> <span class='ocrx_word' id='word_1_61' title='bbox 1813 789 1874 943; x_wconf 53' lang='lat'><strong>123</strong></span> <span class='ocrx_word' id='word_1_62' title='bbox 1877 807 2191 948; x_wconf 48' lang='lat' dir='ltr'><strong>aiigiuiiriialiimiuiii</strong></span> 
     </span>
     <span class='ocr_line' id='line_1_6' title="bbox 182 961 2191 1047; baseline -0.002 -10"><span class='ocrx_word' id='word_1_63' title='bbox 182 992 219 1038; x_wconf 91' lang='lat' dir='ltr'><strong>ac</strong></span> <span class='ocrx_word' id='word_1_64' title='bbox 233 971 263 1037; x_wconf 90' lang='lat' dir='ltr'><strong>si</strong></span> <span class='ocrx_word' id='word_1_65' title='bbox 277 971 405 1036; x_wconf 90' lang='lat' dir='ltr'><strong>iuberet</strong></span> <span class='ocrx_word' id='word_1_66' title='bbox 426 968 559 1034; x_wconf 89' lang='lat' dir='ltr'><strong>assidue</strong></span> <span class='ocrx_word' id='word_1_67' title='bbox 580 966 732 1033; x_wconf 76' lang='lat' dir='ltr'><strong>insistere</strong></span> <span class='ocrx_word' id='word_1_68' title='bbox 754 966 790 1029; x_wconf 93' lang='lat' dir='ltr'><strong>in</strong></span> <span class='ocrx_word' id='word_1_69' title='bbox 813 965 904 1031; x_wconf 90' lang='lat' dir='ltr'><strong>illam</strong></span> <span class='ocrx_word' id='word_1_70' title='bbox 927 962 1162 1030; x_wconf 88' lang='lat' dir='ltr'><strong>aedificationis</strong></span> <span class='ocrx_word' id='word_1_71' title='bbox 1214 962 1414 1027; x_wconf 73' lang='lat' dir='ltr'><strong>desinebant.</strong></span> <span class='ocrx_word' id='word_1_72' title='bbox 1451 961 1632 1045; x_wconf 90' lang='lat' dir='ltr'><strong>Postquam</strong></span> <span class='ocrx_word' id='word_1_73' title='bbox 1647 982 1724 1047; x_wconf 91' lang='lat' dir='ltr'><strong>ergo</strong></span> <span class='ocrx_word' id='word_1_74' title='bbox 1744 963 1783 1028; x_wconf 93' lang='lat' dir='ltr'><strong>de</strong></span> <span class='ocrx_word' id='word_1_75' title='bbox 1805 962 2055 1047; x_wconf 72' lang='lat' dir='ltr'><strong>particularibus</strong></span> <span class='ocrx_word' id='word_1_76' title='bbox 2076 967 2191 1034; x_wconf 83' lang='lat' dir='ltr'><strong>officiis</strong></span> 
     </span>
     <span class='ocr_line' id='line_1_7' title="bbox 182 1046 2191 1139; baseline -0.002 -16"><span class='ocrx_word' id='word_1_77' title='bbox 182 1057 384 1136; x_wconf 88' lang='lat' dir='ltr'><strong>doctrinam,</strong></span> <span class='ocrx_word' id='word_1_78' title='bbox 416 1075 522 1139; x_wconf 92' lang='lat' dir='ltr'><strong>neque</strong></span> <span class='ocrx_word' id='word_1_79' title='bbox 555 1071 701 1135; x_wconf 90' lang='lat' dir='ltr'><strong>unquam</strong></span> <span class='ocrx_word' id='word_1_80' title='bbox 734 1051 880 1136; x_wconf 83' lang='lat' dir='ltr'><strong>fatigari:</strong></span> <span class='ocrx_word' id='word_1_81' title='bbox 913 1051 989 1132; x_wconf 88' lang='lat' dir='ltr'><strong>quia</strong></span> <span class='ocrx_word' id='word_1_82' title='bbox 1021 1048 1161 1114; x_wconf 93' lang='lat' dir='ltr'><strong>nimium</strong></span> <span class='ocrx_word' id='word_1_83' title='bbox 1214 1046 1338 1114; x_wconf 88' lang='lat' dir='ltr'><strong>Paulus</strong></span> <span class='ocrx_word' id='word_1_84' title='bbox 1367 1047 1526 1125; x_wconf 80' lang='lat' dir='ltr'><strong>meminit,</strong></span> <span class='ocrx_word' id='word_1_85' title='bbox 1557 1048 1753 1131; x_wconf 80' lang='lat' dir='ltr'><strong>generaliter</strong></span> <span class='ocrx_word' id='word_1_86' title='bbox 1779 1070 1868 1116; x_wconf 93' lang='lat' dir='ltr'><strong>nunc</strong></span> <span class='ocrx_word' id='word_1_87' title='bbox 1890 1049 1964 1115; x_wconf 82' lang='lat' dir='ltr'><strong>vult</strong></span> <span class='ocrx_word' id='word_1_88' title='bbox 1984 1071 2098 1117; x_wconf 91' lang='lat' dir='ltr'><strong>omnes</strong></span> <span class='ocrx_word' id='word_1_89' title='bbox 2119 1074 2191 1119; x_wconf 89' lang='lat' dir='ltr'><strong>mo·</strong></span> 
     </span>
     <span class='ocr_line' id='line_1_8' title="bbox 181 1131 2192 1224; baseline -0.001 -16"><span class='ocrx_word' id='word_1_90' title='bbox 181 1141 339 1210; x_wconf 90' lang='lat' dir='ltr'><strong>inculoari</strong></span> <span class='ocrx_word' id='word_1_91' title='bbox 360 1149 509 1224; x_wconf 87' lang='lat' dir='ltr'><strong>nequeat.</strong></span> <span class='ocrx_word' id='word_1_92' title='bbox 542 1138 721 1205; x_wconf 89' lang='lat' dir='ltr'><strong>Doctrinae</strong></span> <span class='ocrx_word' id='word_1_93' title='bbox 735 1138 833 1202; x_wconf 90' lang='lat' dir='ltr'><strong>etiam</strong></span> <span class='ocrx_word' id='word_1_94' title='bbox 856 1136 976 1202; x_wconf 80' lang='lat' dir='ltr'><strong>addere</strong></span> <span class='ocrx_word' id='word_1_95' title='bbox 997 1134 1088 1200; x_wconf 90' lang='lat' dir='ltr'><strong>iubet</strong></span> <span class='ocrx_word' id='word_1_96' title='bbox 1109 1152 1164 1199; x_wconf 92' lang='lat' dir='ltr'><strong>ex·</strong></span> <span class='ocrx_word' id='word_1_97' title='bbox 1215 1133 1287 1198; x_wconf 91' lang='lat' dir='ltr'><strong>neri</strong></span> <span class='ocrx_word' id='word_1_98' title='bbox 1316 1142 1353 1197; x_wconf 91' lang='grc' dir='ltr'><strong>ιιι</strong></span> <span class='ocrx_word' id='word_1_99' title='bbox 1381 1131 1506 1215; x_wconf 89' lang='lat' dir='ltr'><strong>placide</strong></span> <span class='ocrx_word' id='word_1_100' title='bbox 1535 1134 1644 1199; x_wconf 90' lang='lat' dir='ltr'><strong>oolaut</strong></span> <span class='ocrx_word' id='word_1_101' title='bbox 1674 1133 1822 1201; x_wconf 89' lang='lat' dir='ltr'><strong>ordinem</strong></span> <span class='ocrx_word' id='word_1_102' title='bbox 1851 1135 2030 1218; x_wconf 89' lang='lat' dir='ltr'><strong>politicum,</strong></span> <span class='ocrx_word' id='word_1_103' title='bbox 2062 1137 2192 1223; x_wconf 88' lang='lat' dir='ltr'><strong>legibus</strong></span> 
     </span>
     <span class='ocr_line' id='line_1_9' title="bbox 181 1219 2191 1310; baseline -0.001 -17"><span class='ocrx_word' id='word_1_104' title='bbox 181 1228 406 1294; x_wconf 88' lang='lat' dir='ltr'><strong>hortationum</strong></span> <span class='ocrx_word' id='word_1_105' title='bbox 421 1234 455 1291; x_wconf 90' lang='lat' dir='ltr'><strong>et</strong></span> <span class='ocrx_word' id='word_1_106' title='bbox 475 1225 739 1310; x_wconf 89' lang='lat' dir='ltr'><strong>obiurgationum</strong></span> <span class='ocrx_word' id='word_1_107' title='bbox 762 1222 901 1290; x_wconf 89' lang='lat' dir='ltr'><strong>aculeos.</strong></span> <span class='ocrx_word' id='word_1_108' title='bbox 938 1220 1053 1304; x_wconf 87' lang='lat' dir='ltr'><strong>Neque</strong></span> <span class='ocrx_word' id='word_1_109' title='bbox 1075 1219 1162 1285; x_wconf 91' lang='lat' dir='ltr'><strong>enim</strong></span> <span class='ocrx_word' id='word_1_110' title='bbox 1215 1226 1366 1302; x_wconf 89' lang='lat' dir='ltr'><strong>pareant,</strong></span> <span class='ocrx_word' id='word_1_111' title='bbox 1400 1220 1647 1303; x_wconf 88' lang='lat' dir='ltr'><strong>magistratibus</strong></span> <span class='ocrx_word' id='word_1_112' title='bbox 1683 1220 1845 1287; x_wconf 90' lang='lat' dir='ltr'><strong>obediant.</strong></span> <span class='ocrx_word' id='word_1_113' title='bbox 1890 1220 2057 1289; x_wconf 81' lang='lat' dir='ltr'><strong>Subieotio</strong></span> <span class='ocrx_word' id='word_1_114' title='bbox 2090 1225 2191 1306; x_wconf 91' lang='lat' dir='ltr'><strong>enim,</strong></span> 
     </span>
     <span class='ocr_line' id='line_1_10' title="bbox 182 1305 2191 1396; baseline -0.002 -16"><span class='ocrx_word' id='word_1_115' title='bbox 182 1316 263 1380; x_wconf 89' lang='lat' dir='ltr'><strong>satis</strong></span> <span class='ocrx_word' id='word_1_116' title='bbox 294 1321 345 1380; x_wconf 90' lang='lat' dir='ltr'><strong>est</strong></span> <span class='ocrx_word' id='word_1_117' title='bbox 373 1310 616 1380; x_wconf 89' lang='lat' dir='ltr'><strong>commonefieri</strong></span> <span class='ocrx_word' id='word_1_118' title='bbox 639 1308 679 1374; x_wconf 93' lang='lat' dir='ltr'><strong>de</strong></span> <span class='ocrx_word' id='word_1_119' title='bbox 701 1329 760 1375; x_wconf 92' lang='lat' dir='ltr'><strong>suo</strong></span> <span class='ocrx_word' id='word_1_120' title='bbox 782 1308 891 1373; x_wconf 82' lang='lat' dir='ltr'><strong>officio</strong></span> <span class='ocrx_word' id='word_1_121' title='bbox 911 1307 1071 1386; x_wconf 90' lang='lat' dir='ltr'><strong>homines,</strong></span> <span class='ocrx_word' id='word_1_122' title='bbox 1099 1305 1163 1371; x_wconf 91' lang='lat' dir='ltr'><strong>nisi</strong></span> <span class='ocrx_word' id='word_1_123' title='bbox 1215 1323 1314 1387; x_wconf 87' lang='lat' dir='ltr'><strong>quam</strong></span> <span class='ocrx_word' id='word_1_124' title='bbox 1347 1305 1486 1387; x_wconf 87' lang='lat' dir='ltr'><strong>requirit</strong></span> <span class='ocrx_word' id='word_1_125' title='bbox 1518 1324 1597 1390; x_wconf 87' lang='lat' dir='ltr'><strong>erga</strong></span> <span class='ocrx_word' id='word_1_126' title='bbox 1625 1305 1730 1390; x_wconf 89' lang='lat' dir='ltr'><strong>princi</strong></span> <span class='ocrx_word' id='word_1_127' title='bbox 1755 1326 1805 1386; x_wconf 92' lang='lat' dir='ltr'><strong>es,</strong></span> <span class='ocrx_word' id='word_1_128' title='bbox 1837 1313 1871 1371; x_wconf 89' lang='lat' dir='ltr'><strong>at</strong></span> <span class='ocrx_word' id='word_1_129' title='bbox 1899 1307 2083 1375; x_wconf 90' lang='lat' dir='ltr'><strong>obedientia</strong></span> <span class='ocrx_word' id='word_1_130' title='bbox 2112 1330 2191 1396; x_wconf 88' lang='lat' dir='ltr'><strong>erga</strong></span> 
     </span>
     <span class='ocr_line' id='line_1_11' title="bbox 182 1327 2191 1480; baseline -0.001 -15"><span class='ocrx_word' id='word_1_131' title='bbox 182 1401 302 1466; x_wconf 88' lang='lat' dir='ltr'><strong>acriter</strong></span> <span class='ocrx_word' id='word_1_132' title='bbox 331 1401 430 1463; x_wconf 89' lang='lat' dir='ltr'><strong>etiam</strong></span> <span class='ocrx_word' id='word_1_133' title='bbox 459 1406 650 1480; x_wconf 87' lang='lat' dir='ltr'><strong>urgeantur.</strong></span> <span class='ocrx_word' id='word_1_134' title='bbox 695 1394 762 1476; x_wconf 80' lang='lat' dir='ltr'><strong>Qui</strong></span> <span class='ocrx_word' id='word_1_135' title='bbox 784 1403 893 1460; x_wconf 90' lang='lat' dir='ltr'><strong>autem</strong></span> <span class='ocrx_word' id='word_1_136' title='bbox 916 1393 1085 1476; x_wconf 90' lang='lat' dir='ltr'><strong>superiora</strong></span> <span class='ocrx_word' id='word_1_137' title='bbox 1106 1391 1163 1456; x_wconf 88' lang='lat' dir='ltr'><strong>illa</strong></span> <span class='ocrx_word' id='word_1_138' title='bbox 1215 1391 1437 1474; x_wconf 75' lang='lat' dir='ltr'><strong>magistratus,</strong></span> <span class='ocrx_word' id='word_1_139' title='bbox 1471 1390 1512 1456; x_wconf 92' lang='lat' dir='ltr'><strong>ad</strong></span> <span class='ocrx_word' id='word_1_140' title='bbox 1545 1391 1651 1458; x_wconf 89' lang='lat' dir='ltr'><strong>edicta</strong></span> <span class='ocrx_word' id='word_1_141' title='bbox 1684 1405 1717 1458; x_wconf 92' lang='lat' dir='ltr'><strong>et</strong></span> <span class='ocrx_word' id='word_1_142' title='bbox 1731 1327 1841 1477; x_wconf 59' lang='lat' dir='ltr'><strong>iuges,</strong></span> <span class='ocrx_word' id='word_1_143' title='bbox 1880 1391 2027 1478; x_wconf 89' lang='lat' dir='ltr'><strong>aliasque</strong></span> <span class='ocrx_word' id='word_1_144' title='bbox 2059 1395 2191 1480; x_wconf 88' lang='lat' dir='ltr'><strong>politiae</strong></span> 
     </span>
     <span class='ocr_line' id='line_1_12' title="bbox 182 1474 2191 1567; baseline -0.001 -16"><span class='ocrx_word' id='word_1_145' title='bbox 182 1495 283 1566; x_wconf 90' lang='lat' dir='ltr'><strong>tenet,</strong></span> <span class='ocrx_word' id='word_1_146' title='bbox 316 1503 509 1567; x_wconf 88' lang='lat' dir='ltr'><strong>semperque</strong></span> <span class='ocrx_word' id='word_1_147' title='bbox 539 1483 573 1545; x_wconf 93' lang='lat' dir='ltr'><strong>in</strong></span> <span class='ocrx_word' id='word_1_148' title='bbox 605 1501 661 1546; x_wconf 92' lang='lat' dir='ltr'><strong>ore</strong></span> <span class='ocrx_word' id='word_1_149' title='bbox 690 1478 801 1560; x_wconf 89' lang='lat' dir='ltr'><strong>habet,</strong></span> <span class='ocrx_word' id='word_1_150' title='bbox 834 1479 1004 1545; x_wconf 88' lang='lat' dir='ltr'><strong>materiam</strong></span> <span class='ocrx_word' id='word_1_151' title='bbox 1028 1476 1162 1543; x_wconf 88' lang='lat' dir='ltr'><strong>habebit</strong></span> <span class='ocrx_word' id='word_1_152' title='bbox 1214 1485 1326 1559; x_wconf 89' lang='lat' dir='ltr'><strong>partes</strong></span> <span class='ocrx_word' id='word_1_153' title='bbox 1348 1474 1548 1542; x_wconf 89' lang='lat' dir='ltr'><strong>extenditur.</strong></span> <span class='ocrx_word' id='word_1_154' title='bbox 1592 1476 1690 1558; x_wconf 83' lang='lat' dir='ltr'><strong>Quod</strong></span> <span class='ocrx_word' id='word_1_155' title='bbox 1712 1478 1868 1543; x_wconf 87' lang='lat' dir='ltr'><strong>contiuuo</strong></span> <span class='ocrx_word' id='word_1_156' title='bbox 1891 1489 1965 1562; x_wconf 88' lang='lat' dir='ltr'><strong>post</strong></span> <span class='ocrx_word' id='word_1_157' title='bbox 1986 1481 2127 1562; x_wconf 89' lang='lat' dir='ltr'><strong>subiieit‚</strong></span> <span class='ocrx_word' id='word_1_158' title='bbox 2149 1482 2191 1549; x_wconf 89' lang='lat' dir='ltr'><strong>ad</strong></span> 
     </span>
     <span class='ocr_line' id='line_1_13' title="bbox 182 1562 2191 1651; baseline -0.001 -13"><span class='ocrx_word' id='word_1_159' title='bbox 182 1592 248 1637; x_wconf 93' lang='lat' dir='ltr'><strong>non</strong></span> <span class='ocrx_word' id='word_1_160' title='bbox 271 1570 408 1638; x_wconf 90' lang='lat' dir='ltr'><strong>docendi</strong></span> <span class='ocrx_word' id='word_1_161' title='bbox 430 1567 536 1651; x_wconf 87' lang='lat' dir='ltr'><strong>modo,</strong></span> <span class='ocrx_word' id='word_1_162' title='bbox 558 1565 736 1632; x_wconf 89' lang='lat' dir='ltr'><strong>sedetiam</strong></span> <span class='ocrx_word' id='word_1_163' title='bbox 760 1564 955 1649; x_wconf 88' lang='lat' dir='ltr'><strong>corrigendi.</strong></span> <span class='ocrx_word' id='word_1_164' title='bbox 1214 1562 1352 1628; x_wconf 90' lang='lat' dir='ltr'><strong>eandem</strong></span> <span class='ocrx_word' id='word_1_165' title='bbox 1392 1582 1462 1626; x_wconf 91' lang='lat' dir='ltr'><strong>rem</strong></span> <span class='ocrx_word' id='word_1_166' title='bbox 1503 1562 1739 1629; x_wconf 89' lang='lat' dir='ltr'><strong>accommodari</strong></span> <span class='ocrx_word' id='word_1_167' title='bbox 1772 1570 1895 1648; x_wconf 89' lang='lat' dir='ltr'><strong>potest:</strong></span> <span class='ocrx_word' id='word_1_168' title='bbox 1934 1567 2026 1648; x_wconf 89' lang='lat' dir='ltr'><strong>quasi</strong></span> <span class='ocrx_word' id='word_1_169' title='bbox 2059 1566 2191 1651; x_wconf 89' lang='lat' dir='ltr'><strong>diceret,</strong></span> 
     </span>
     <span class='ocr_line' id='line_1_14' title="bbox 270 1645 2190 1735; baseline -0.001 -14"><span class='ocrx_word' id='word_1_170' title='bbox 270 1655 350 1722; x_wconf 75' lang='grc' dir='ltr'>Οιιιιι</span> <span class='ocrx_word' id='word_1_171' title='bbox 382 1654 466 1720; x_wconf 84' lang='lat' dir='ltr'><strong>omui</strong></span> <span class='ocrx_word' id='word_1_172' title='bbox 498 1653 674 1718; x_wconf 78' lang='lat' dir='ltr'><strong>autoritate.</strong></span> <span class='ocrx_word' id='word_1_173' title='bbox 727 1651 804 1716; x_wconf 88' lang='lat' dir='ltr'><strong>Non</strong></span> <span class='ocrx_word' id='word_1_174' title='bbox 834 1651 993 1717; x_wconf 87' lang='lat' dir='ltr'><strong>assentior</strong></span> <span class='ocrx_word' id='word_1_175' title='bbox 1023 1649 1162 1715; x_wconf 76' lang='lat' dir='ltr'><strong>lirasmo</strong></span> <span class='ocrx_word' id='word_1_176' title='bbox 1214 1650 1401 1730; x_wconf 81' lang='lat' dir='ltr'><strong>quicunque</strong></span> <span class='ocrx_word' id='word_1_177' title='bbox 1425 1646 1505 1713; x_wconf 90' lang='lat' dir='ltr'><strong>bane</strong></span> <span class='ocrx_word' id='word_1_178' title='bbox 1527 1659 1560 1714; x_wconf 92' lang='lat' dir='ltr'><strong>et</strong></span> <span class='ocrx_word' id='word_1_179' title='bbox 1582 1645 1718 1716; x_wconf 85' lang='lat' dir='ltr'><strong>honeste</strong></span> <span class='ocrx_word' id='word_1_180' title='bbox 1740 1650 1852 1717; x_wconf 82' lang='lat' dir='ltr'><strong>vivere</strong></span> <span class='ocrx_word' id='word_1_181' title='bbox 1874 1670 1939 1715; x_wconf 94' lang='lat' dir='ltr'><strong>nou</strong></span> <span class='ocrx_word' id='word_1_182' title='bbox 1962 1663 2123 1735; x_wconf 91' lang='lat' dir='ltr'><strong>recusant,</strong></span> <span class='ocrx_word' id='word_1_183' title='bbox 2150 1655 2190 1720; x_wconf 91' lang='lat' dir='ltr'><strong>li·</strong></span> 
     </span>
     <span class='ocr_line' id='line_1_15' title="bbox 182 1732 2190 1827; baseline -0.001 -20"><span class='ocrx_word' id='word_1_184' title='bbox 182 1744 237 1827; x_wconf 92' lang='lat' dir='ltr'><strong>qui</strong></span> <span class='ocrx_word' id='word_1_185' title='bbox 272 1741 427 1826; x_wconf 74' lang='grc' dir='ltr'>ἐπιταγὴν</span> <span class='ocrx_word' id='word_1_186' title='bbox 461 1739 561 1804; x_wconf 86' lang='lat' dir='ltr'><strong>vertit</strong></span> <span class='ocrx_word' id='word_1_187' title='bbox 590 1735 809 1821; x_wconf 89' lang='lat' dir='ltr'><strong>praecipiendi</strong></span> <span class='ocrx_word' id='word_1_188' title='bbox 837 1737 993 1803; x_wconf 84' lang='lat' dir='ltr'><strong>studium.</strong></span> <span class='ocrx_word' id='word_1_189' title='bbox 1037 1734 1160 1801; x_wconf 88' lang='lat' dir='ltr'><strong>Proba·</strong></span> <span class='ocrx_word' id='word_1_190' title='bbox 1213 1732 1328 1798; x_wconf 89' lang='lat' dir='ltr'><strong>beuter</strong></span> <span class='ocrx_word' id='word_1_191' title='bbox 1354 1733 1426 1798; x_wconf 79' lang='lat' dir='ltr'><strong>lore</strong></span> <span class='ocrx_word' id='word_1_192' title='bbox 1454 1734 1700 1816; x_wconf 86' lang='lat' dir='ltr'><strong>magistratibus</strong></span> <span class='ocrx_word' id='word_1_193' title='bbox 1721 1737 1945 1819; x_wconf 85' lang='lat' dir='ltr'><strong>obsequentes.</strong></span> <span class='ocrx_word' id='word_1_194' title='bbox 1979 1737 2064 1803; x_wconf 91' lang='lat' dir='ltr'><strong>Nam</strong></span> <span class='ocrx_word' id='word_1_195' title='bbox 2088 1759 2190 1823; x_wconf 88' lang='lat' dir='ltr'><strong>quum</strong></span> 
     </span>
     <span class='ocr_line' id='line_1_16' title="bbox 181 1818 2188 1912; baseline -0.001 -18"><span class='ocrx_word' id='word_1_196' title='bbox 181 1828 277 1894; x_wconf 90' lang='lat' dir='ltr'><strong>bilior</strong></span> <span class='ocrx_word' id='word_1_197' title='bbox 298 1826 527 1912; x_wconf 81' lang='lat' dir='ltr'><strong>Ohrysostomi</strong></span> <span class='ocrx_word' id='word_1_198' title='bbox 550 1823 722 1902; x_wconf 89' lang='lat' dir='ltr'><strong>sententia,</strong></span> <span class='ocrx_word' id='word_1_199' title='bbox 751 1823 810 1906; x_wconf 88' lang='lat' dir='ltr'><strong>qui</strong></span> <span class='ocrx_word' id='word_1_200' title='bbox 831 1822 1040 1890; x_wconf 84' lang='lat' dir='ltr'><strong>severitatem</strong></span> <span class='ocrx_word' id='word_1_201' title='bbox 1063 1822 1161 1888; x_wconf 89' lang='lat' dir='ltr'><strong>inter·</strong></span> <span class='ocrx_word' id='word_1_202' title='bbox 1212 1818 1354 1885; x_wconf 87' lang='lat' dir='ltr'><strong>ordinati</strong></span> <span class='ocrx_word' id='word_1_203' title='bbox 1393 1820 1460 1884; x_wconf 90' lang='lat' dir='ltr'><strong>sint</strong></span> <span class='ocrx_word' id='word_1_204' title='bbox 1496 1818 1537 1884; x_wconf 90' lang='lat' dir='ltr'><strong>ad</strong></span> <span class='ocrx_word' id='word_1_205' title='bbox 1569 1819 1701 1887; x_wconf 91' lang='lat' dir='ltr'><strong>humani</strong></span> <span class='ocrx_word' id='word_1_206' title='bbox 1735 1822 1866 1908; x_wconf 88' lang='lat' dir='ltr'><strong>generis</strong></span> <span class='ocrx_word' id='word_1_207' title='bbox 1898 1823 2188 1906; x_wconf 83' lang='lat' dir='ltr'><strong>conservationem,</strong></span> 
     </span>
     <span class='ocr_line' id='line_1_17' title="bbox 207 1903 2188 1996; baseline 0 -19"><span class='ocrx_word' id='word_1_208' title='bbox 207 1920 332 1979; x_wconf 85' lang='lat' dir='ltr'><strong>rotatur</strong></span> <span class='ocrx_word' id='word_1_209' title='bbox 349 1912 508 1978; x_wconf 89' lang='lat' dir='ltr'><strong>adversus</strong></span> <span class='ocrx_word' id='word_1_210' title='bbox 529 1910 690 1975; x_wconf 88' lang='lat' dir='ltr'><strong>atrociora</strong></span> <span class='ocrx_word' id='word_1_211' title='bbox 711 1917 853 1993; x_wconf 88' lang='lat' dir='ltr'><strong>peecata.</strong></span> <span class='ocrx_word' id='word_1_212' title='bbox 891 1906 1161 1992; x_wconf 80' lang='lat' dir='ltr'><strong>Quemquamne</strong></span> <span class='ocrx_word' id='word_1_213' title='bbox 1212 1905 1270 1988; x_wconf 92' lang='lat' dir='ltr'><strong>qui</strong></span> <span class='ocrx_word' id='word_1_214' title='bbox 1299 1924 1354 1970; x_wconf 91' lang='lat' dir='ltr'><strong>eos</strong></span> <span class='ocrx_word' id='word_1_215' title='bbox 1382 1903 1528 1970; x_wconf 87' lang='lat' dir='ltr'><strong>sublatos</strong></span> <span class='ocrx_word' id='word_1_216' title='bbox 1556 1906 1656 1990; x_wconf 86' lang='lat' dir='ltr'><strong>eupit,</strong></span> <span class='ocrx_word' id='word_1_217' title='bbox 1690 1907 1742 1973; x_wconf 86' lang='lat' dir='ltr'><strong>rel</strong></span> <span class='ocrx_word' id='word_1_218' title='bbox 1770 1909 1895 1974; x_wconf 91' lang='lat' dir='ltr'><strong>axoutit</strong></span> <span class='ocrx_word' id='word_1_219' title='bbox 1925 1929 2037 1974; x_wconf 87' lang='lat' dir='ltr'><strong>eorum</strong></span> <span class='ocrx_word' id='word_1_220' title='bbox 2063 1910 2188 1996; x_wconf 89' lang='lat' dir='ltr'><strong>iugum,</strong></span> 
     </span>
     <span class='ocr_line' id='line_1_18' title="bbox 181 1934 2191 2084; baseline 0 -21"><span class='ocrx_word' id='word_1_221' title='bbox 181 1934 237 2064; x_wconf 59' lang='lat' dir='ltr'><strong>flio</strong></span> <span class='ocrx_word' id='word_1_222' title='bbox 258 1998 389 2084; x_wconf 90' lang='lat' dir='ltr'><strong>quidem</strong></span> <span class='ocrx_word' id='word_1_223' title='bbox 416 1997 546 2066; x_wconf 86' lang='lat' dir='ltr'><strong>videtur</strong></span> <span class='ocrx_word' id='word_1_224' title='bbox 567 1994 662 2060; x_wconf 92' lang='lat' dir='ltr'><strong>Pauli</strong></span> <span class='ocrx_word' id='word_1_225' title='bbox 682 2004 825 2061; x_wconf 90' lang='lat' dir='ltr'><strong>mentem</strong></span> <span class='ocrx_word' id='word_1_226' title='bbox 847 2004 1058 2077; x_wconf 85' lang='lat' dir='ltr'><strong>assequutus:</strong></span> <span class='ocrx_word' id='word_1_227' title='bbox 1091 1992 1162 2058; x_wconf 83' lang='lat' dir='ltr'><strong>vult</strong></span> <span class='ocrx_word' id='word_1_228' title='bbox 1212 1991 1294 2056; x_wconf 92' lang='lat' dir='ltr'><strong>recti</strong></span> <span class='ocrx_word' id='word_1_229' title='bbox 1322 2000 1355 2056; x_wconf 90' lang='lat' dir='ltr'><strong>et</strong></span> <span class='ocrx_word' id='word_1_230' title='bbox 1384 1993 1480 2073; x_wconf 90' lang='lat' dir='ltr'><strong>aequi</strong></span> <span class='ocrx_word' id='word_1_231' title='bbox 1511 1989 1615 2059; x_wconf 90' lang='lat' dir='ltr'><strong>hostis</strong></span> <span class='ocrx_word' id='word_1_232' title='bbox 1645 1999 1705 2070; x_wconf 89' lang='lat' dir='ltr'><strong>est,</strong></span> <span class='ocrx_word' id='word_1_233' title='bbox 1739 1991 1883 2078; x_wconf 91' lang='lat' dir='ltr'><strong>adeoquo</strong></span> <span class='ocrx_word' id='word_1_234' title='bbox 1911 1995 2016 2060; x_wconf 93' lang='lat' dir='ltr'><strong>omnis</strong></span> <span class='ocrx_word' id='word_1_235' title='bbox 2038 1995 2191 2063; x_wconf 89' lang='lat' dir='ltr'><strong>humani·</strong></span> 
     </span>
     <span class='ocr_line' id='line_1_19' title="bbox 183 2074 2191 2164; baseline -0 -15"><span class='ocrx_word' id='word_1_236' title='bbox 183 2086 270 2151; x_wconf 91' lang='lat' dir='ltr'><strong>enim</strong></span> <span class='ocrx_word' id='word_1_237' title='bbox 301 2090 340 2151; x_wconf 90' lang='lat' dir='ltr'><strong>ut</strong></span> <span class='ocrx_word' id='word_1_238' title='bbox 368 2085 430 2150; x_wconf 91' lang='lat' dir='ltr'><strong>sibi</strong></span> <span class='ocrx_word' id='word_1_239' title='bbox 459 2081 666 2149; x_wconf 86' lang='lat' dir='ltr'><strong>autoritatem</strong></span> <span class='ocrx_word' id='word_1_240' title='bbox 689 2083 723 2145; x_wconf 93' lang='lat' dir='ltr'><strong>in</strong></span> <span class='ocrx_word' id='word_1_241' title='bbox 745 2080 797 2145; x_wconf 90' lang='lat' dir='ltr'><strong>his</strong></span> <span class='ocrx_word' id='word_1_242' title='bbox 819 2079 988 2146; x_wconf 88' lang='lat' dir='ltr'><strong>tradendis</strong></span> <span class='ocrx_word' id='word_1_243' title='bbox 1009 2099 1047 2146; x_wconf 89' lang='lat' dir='ltr'><strong>ae</strong></span> <span class='ocrx_word' id='word_1_244' title='bbox 1069 2100 1161 2145; x_wconf 83' lang='lat' dir='ltr'><strong>rere-</strong></span> <span class='ocrx_word' id='word_1_245' title='bbox 1213 2077 1290 2142; x_wconf 88' lang='lat' dir='ltr'><strong>tatis</strong></span> <span class='ocrx_word' id='word_1_246' title='bbox 1316 2097 1443 2160; x_wconf 86' lang='lat' dir='ltr'><strong>expers.</strong></span> <span class='ocrx_word' id='word_1_247' title='bbox 1490 2074 1527 2143; x_wconf 85' lang='lat' dir='ltr'><strong>Si</strong></span> <span class='ocrx_word' id='word_1_248' title='bbox 1557 2078 1629 2159; x_wconf 92' lang='lat' dir='ltr'><strong>quis</strong></span> <span class='ocrx_word' id='word_1_249' title='bbox 1657 2086 1768 2143; x_wconf 91' lang='lat' dir='ltr'><strong>tumen</strong></span> <span class='ocrx_word' id='word_1_250' title='bbox 1798 2080 1918 2164; x_wconf 91' lang='lat' dir='ltr'><strong>absque</strong></span> <span class='ocrx_word' id='word_1_251' title='bbox 1946 2082 2191 2150; x_wconf 88' lang='lat' dir='ltr'><strong>circumstantia</strong></span> 
     </span>
     <span class='ocr_line' id='line_1_20' title="bbox 183 2160 2191 2247; baseline -0.001 -11"><span class='ocrx_word' id='word_1_252' title='bbox 183 2173 322 2237; x_wconf 89' lang='lat' dir='ltr'><strong>rentiam</strong></span> <span class='ocrx_word' id='word_1_253' title='bbox 350 2170 446 2236; x_wconf 70' lang='lat' dir='ltr'><strong>&#39;bitus</strong></span> <span class='ocrx_word' id='word_1_254' title='bbox 474 2168 636 2233; x_wconf 85' lang='lat' dir='ltr'><strong>vendicet.</strong></span> <span class='ocrx_word' id='word_1_255' title='bbox 681 2166 766 2231; x_wconf 91' lang='lat' dir='ltr'><strong>Nam</strong></span> <span class='ocrx_word' id='word_1_256' title='bbox 798 2167 917 2233; x_wconf 90' lang='lat' dir='ltr'><strong>curiosi</strong></span> <span class='ocrx_word' id='word_1_257' title='bbox 945 2166 1095 2232; x_wconf 91' lang='lat' dir='ltr'><strong>homines</strong></span> <span class='ocrx_word' id='word_1_258' title='bbox 1127 2173 1161 2231; x_wconf 93' lang='lat' dir='ltr'><strong>et</strong></span> <span class='ocrx_word' id='word_1_259' title='bbox 1212 2163 1357 2245; x_wconf 86' lang='lat' dir='ltr'><strong>accipere</strong></span> <span class='ocrx_word' id='word_1_260' title='bbox 1385 2160 1489 2241; x_wconf 93' lang='lat' dir='ltr'><strong>malit,</strong></span> <span class='ocrx_word' id='word_1_261' title='bbox 1520 2183 1585 2228; x_wconf 90' lang='lat' dir='ltr'><strong>non</strong></span> <span class='ocrx_word' id='word_1_262' title='bbox 1607 2182 1772 2247; x_wconf 91' lang='lat' dir='ltr'><strong>repugno:</strong></span> <span class='ocrx_word' id='word_1_263' title='bbox 1802 2174 1835 2229; x_wconf 91' lang='lat' dir='ltr'><strong>et</strong></span> <span class='ocrx_word' id='word_1_264' title='bbox 1856 2174 1945 2232; x_wconf 90' lang='lat' dir='ltr'><strong>certe</strong></span> <span class='ocrx_word' id='word_1_265' title='bbox 1967 2186 2033 2231; x_wconf 95' lang='lat' dir='ltr'><strong>non</strong></span> <span class='ocrx_word' id='word_1_266' title='bbox 2056 2167 2191 2234; x_wconf 91' lang='lat' dir='ltr'><strong>dubium</strong></span> 
     </span>
     <span class='ocr_line' id='line_1_21' title="bbox 182 2248 2191 2341; baseline -0.001 -19"><span class='ocrx_word' id='word_1_267' title='bbox 182 2258 386 2341; x_wconf 78' lang='lat' dir='ltr'><strong>argutiarum</strong></span> <span class='ocrx_word' id='word_1_268' title='bbox 415 2254 522 2338; x_wconf 86' lang='lat' dir='ltr'><strong>cupidi</strong></span> <span class='ocrx_word' id='word_1_269' title='bbox 552 2253 624 2337; x_wconf 88' lang='lat' dir='ltr'><strong>piae</strong></span> <span class='ocrx_word' id='word_1_270' title='bbox 652 2264 685 2317; x_wconf 91' lang='lat' dir='ltr'><strong>et</strong></span> <span class='ocrx_word' id='word_1_271' title='bbox 713 2262 845 2318; x_wconf 87' lang='lat' dir='ltr'><strong>sanctae</strong></span> <span class='ocrx_word' id='word_1_272' title='bbox 879 2253 967 2318; x_wconf 87' lang='lat' dir='ltr'><strong>vitae</strong></span> <span class='ocrx_word' id='word_1_273' title='bbox 989 2261 1161 2336; x_wconf 88' lang='lat' dir='ltr'><strong>praecepta</strong></span> <span class='ocrx_word' id='word_1_274' title='bbox 1213 2258 1262 2313; x_wconf 88' lang='lat' dir='ltr'><strong>eat</strong></span> <span class='ocrx_word' id='word_1_275' title='bbox 1280 2249 1359 2331; x_wconf 92' lang='lat' dir='ltr'><strong>quin</strong></span> <span class='ocrx_word' id='word_1_276' title='bbox 1381 2249 1416 2314; x_wconf 92' lang='lat' dir='ltr'><strong>in</strong></span> <span class='ocrx_word' id='word_1_277' title='bbox 1438 2248 1501 2315; x_wconf 90' lang='lat' dir='ltr'><strong>bae</strong></span> <span class='ocrx_word' id='word_1_278' title='bbox 1522 2250 1687 2316; x_wconf 89' lang='lat' dir='ltr'><strong>sententia</strong></span> <span class='ocrx_word' id='word_1_279' title='bbox 1709 2250 1956 2317; x_wconf 88' lang='lat' dir='ltr'><strong>beneficentiam</strong></span> <span class='ocrx_word' id='word_1_280' title='bbox 1977 2251 2041 2318; x_wconf 92' lang='lat' dir='ltr'><strong>illis</strong></span> <span class='ocrx_word' id='word_1_281' title='bbox 2062 2252 2098 2318; x_wconf 91' lang='lat' dir='ltr'><strong>in</strong></span> <span class='ocrx_word' id='word_1_282' title='bbox 2121 2263 2191 2336; x_wconf 85' lang='lat' dir='ltr'><strong>tota</strong></span> 
     </span>
     <span class='ocr_line' id='line_1_22' title="bbox 183 2335 1801 2426; baseline -0.003 -20"><span class='ocrx_word' id='word_1_283' title='bbox 183 2343 277 2426; x_wconf 91' lang='lat' dir='ltr'><strong>quasi</strong></span> <span class='ocrx_word' id='word_1_284' title='bbox 304 2343 383 2407; x_wconf 89' lang='lat' dir='ltr'><strong>trita</strong></span> <span class='ocrx_word' id='word_1_285' title='bbox 411 2345 446 2405; x_wconf 93' lang='lat' dir='ltr'><strong>et</strong></span> <span class='ocrx_word' id='word_1_286' title='bbox 467 2339 616 2422; x_wconf 80' lang='lat' dir='ltr'><strong>vulgaria</strong></span> <span class='ocrx_word' id='word_1_287' title='bbox 638 2337 818 2403; x_wconf 79' lang='lat' dir='ltr'><strong>fastidiunt.</strong></span> <span class='ocrx_word' id='word_1_288' title='bbox 863 2336 910 2404; x_wconf 88' lang='lat' dir='ltr'><strong>Ut</strong></span> <span class='ocrx_word' id='word_1_289' title='bbox 931 2337 1008 2404; x_wconf 91' lang='lat' dir='ltr'><strong>huic</strong></span> <span class='ocrx_word' id='word_1_290' title='bbox 1030 2336 1160 2404; x_wconf 90' lang='lat' dir='ltr'><strong>lastidio</strong></span> <span class='ocrx_word' id='word_1_291' title='bbox 1213 2335 1280 2402; x_wconf 86' lang='lat' dir='ltr'><strong>vita</strong></span> <span class='ocrx_word' id='word_1_292' title='bbox 1300 2354 1379 2419; x_wconf 89' lang='lat' dir='ltr'><strong>erga</strong></span> <span class='ocrx_word' id='word_1_293' title='bbox 1400 2335 1567 2417; x_wconf 90' lang='lat' dir='ltr'><strong>proximos</strong></span> <span class='ocrx_word' id='word_1_294' title='bbox 1588 2336 1801 2401; x_wconf 90' lang='lat' dir='ltr'><strong>oommondet.</strong></span> 
     </span>
     <span class='ocr_line' id='line_1_23' title="bbox 182 2418 2188 2507; baseline 0 -14"><span class='ocrx_word' id='word_1_295' title='bbox 182 2436 333 2495; x_wconf 89' lang='lat' dir='ltr'><strong>occurrat</strong></span> <span class='ocrx_word' id='word_1_296' title='bbox 354 2429 458 2506; x_wconf 68' lang='lat' dir='ltr'><strong>Titus,</strong></span> <span class='ocrx_word' id='word_1_297' title='bbox 487 2424 619 2491; x_wconf 89' lang='lat' dir='ltr'><strong>iubetur</strong></span> <span class='ocrx_word' id='word_1_298' title='bbox 641 2423 769 2507; x_wconf 91' lang='lat' dir='ltr'><strong>pondus</strong></span> <span class='ocrx_word' id='word_1_299' title='bbox 790 2423 918 2507; x_wconf 90' lang='lat' dir='ltr'><strong>imperii</strong></span> <span class='ocrx_word' id='word_1_300' title='bbox 942 2443 1021 2490; x_wconf 90' lang='lat' dir='ltr'><strong>suae</strong></span> <span class='ocrx_word' id='word_1_301' title='bbox 1043 2423 1159 2490; x_wconf 91' lang='lat' dir='ltr'><strong>doctri·</strong></span> <span class='ocrx_word' id='word_1_302' title='bbox 1298 2420 1328 2484; x_wconf 83' lang='lat'><strong>2.</strong></span> <span class='ocrx_word' id='word_1_303' title='bbox 1364 2418 1416 2484; x_wconf 84' lang='lat' dir='ltr'><strong>Ne</strong></span> <span class='ocrx_word' id='word_1_304' title='bbox 1447 2421 1486 2486; x_wconf 84' lang='lat' dir='ltr'><strong>dc</strong></span> <span class='ocrx_word' id='word_1_305' title='bbox 1517 2440 1680 2504; x_wconf 67' lang='lat' dir='ltr'><strong>quoquam</strong></span> <span class='ocrx_word' id='word_1_306' title='bbox 1737 2422 1873 2488; x_wconf 88' lang='lat' dir='ltr'><strong>Modum</strong></span> <span class='ocrx_word' id='word_1_307' title='bbox 1906 2444 1995 2490; x_wconf 92' lang='lat' dir='ltr'><strong>nune</strong></span> <span class='ocrx_word' id='word_1_308' title='bbox 2028 2424 2188 2493; x_wconf 83' lang='lat' dir='ltr'><strong>fovendae</strong></span> 
     </span>
     <span class='ocr_line' id='line_1_24' title="bbox 182 2506 2190 2594; baseline 0 -16"><span class='ocrx_word' id='word_1_309' title='bbox 182 2535 247 2579; x_wconf 92' lang='lat' dir='ltr'><strong>nae</strong></span> <span class='ocrx_word' id='word_1_310' title='bbox 279 2513 407 2579; x_wconf 88' lang='lat' dir='ltr'><strong>addere.</strong></span> <span class='ocrx_word' id='word_1_311' title='bbox 451 2511 577 2577; x_wconf 85' lang='lat' dir='ltr'><strong>Eodem</strong></span> <span class='ocrx_word' id='word_1_312' title='bbox 611 2512 707 2575; x_wconf 90' lang='lat' dir='ltr'><strong>etiam</strong></span> <span class='ocrx_word' id='word_1_313' title='bbox 738 2508 826 2594; x_wconf 88' lang='lat' dir='ltr'><strong>(meo</strong></span> <span class='ocrx_word' id='word_1_314' title='bbox 855 2508 989 2593; x_wconf 90' lang='lat' dir='ltr'><strong>iudicio)</strong></span> <span class='ocrx_word' id='word_1_315' title='bbox 1017 2511 1161 2594; x_wconf 88' lang='lat' dir='ltr'><strong>pertinet</strong></span> <span class='ocrx_word' id='word_1_316' title='bbox 1213 2526 1286 2572; x_wconf 95' lang='lat' dir='ltr'><strong>oum</strong></span> <span class='ocrx_word' id='word_1_317' title='bbox 1302 2506 1453 2570; x_wconf 91' lang='lat' dir='ltr'><strong>omuibus</strong></span> <span class='ocrx_word' id='word_1_318' title='bbox 1468 2509 1557 2588; x_wconf 86' lang='lat' dir='ltr'><strong>pacis</strong></span> <span class='ocrx_word' id='word_1_319' title='bbox 1580 2516 1613 2571; x_wconf 88' lang='lat' dir='ltr'><strong>et</strong></span> <span class='ocrx_word' id='word_1_320' title='bbox 1634 2506 1796 2574; x_wconf 87' lang='lat' dir='ltr'><strong>amicitiae</strong></span> <span class='ocrx_word' id='word_1_321' title='bbox 1817 2507 2020 2593; x_wconf 89' lang='lat' dir='ltr'><strong>praescribit.</strong></span> <span class='ocrx_word' id='word_1_322' title='bbox 2057 2508 2190 2578; x_wconf 81' lang='lat' dir='ltr'><strong>Scimus</strong></span> 
     </span>
     <span class='ocr_line' id='line_1_25' title="bbox 183 2591 2189 2682; baseline -0.001 -17"><span class='ocrx_word' id='word_1_323' title='bbox 183 2599 268 2682; x_wconf 90' lang='lat' dir='ltr'><strong>quod</strong></span> <span class='ocrx_word' id='word_1_324' title='bbox 298 2620 375 2665; x_wconf 90' lang='lat' dir='ltr'><strong>mox</strong></span> <span class='ocrx_word' id='word_1_325' title='bbox 404 2597 565 2682; x_wconf 89' lang='lat' dir='ltr'><strong>sequitur,</strong></span> <span class='ocrx_word' id='word_1_326' title='bbox 599 2614 712 2661; x_wconf 92' lang='lat' dir='ltr'><strong>nemo</strong></span> <span class='ocrx_word' id='word_1_327' title='bbox 735 2605 775 2660; x_wconf 91' lang='lat' dir='ltr'><strong>ta</strong></span> <span class='ocrx_word' id='word_1_328' title='bbox 797 2604 1045 2661; x_wconf 89' lang='lat' dir='ltr'><strong>contemnat.</strong></span> <span class='ocrx_word' id='word_1_329' title='bbox 1090 2597 1159 2662; x_wconf 88' lang='lat' dir='ltr'><strong>Pu·</strong></span> <span class='ocrx_word' id='word_1_330' title='bbox 1212 2591 1382 2656; x_wconf 89' lang='lat' dir='ltr'><strong>nihilesse</strong></span> <span class='ocrx_word' id='word_1_331' title='bbox 1400 2591 1579 2674; x_wconf 87' lang='lat' dir='ltr'><strong>proclivius</strong></span> <span class='ocrx_word' id='word_1_332' title='bbox 1599 2591 1744 2658; x_wconf 92' lang='lat' dir='ltr'><strong>hnmano</strong></span> <span class='ocrx_word' id='word_1_333' title='bbox 1765 2594 1909 2679; x_wconf 90' lang='lat' dir='ltr'><strong>ingenio,</strong></span> <span class='ocrx_word' id='word_1_334' title='bbox 1932 2616 2028 2678; x_wconf 88' lang='lat' dir='ltr'><strong>quam</strong></span> <span class='ocrx_word' id='word_1_335' title='bbox 2052 2617 2130 2680; x_wconf 91' lang='lat' dir='ltr'><strong>prae</strong></span> <span class='ocrx_word' id='word_1_336' title='bbox 2153 2618 2189 2663; x_wconf 91' lang='lat' dir='ltr'><strong>se</strong></span> 
     </span>
     <span class='ocr_line' id='line_1_26' title="bbox 184 2676 2189 2765; baseline 0 -16"><span class='ocrx_word' id='word_1_337' title='bbox 184 2693 256 2750; x_wconf 90' lang='lat' dir='ltr'><strong>tant</strong></span> <span class='ocrx_word' id='word_1_338' title='bbox 284 2685 340 2750; x_wconf 93' lang='lat' dir='ltr'><strong>alii</strong></span> <span class='ocrx_word' id='word_1_339' title='bbox 367 2683 537 2749; x_wconf 90' lang='lat' dir='ltr'><strong>admoueri</strong></span> <span class='ocrx_word' id='word_1_340' title='bbox 559 2682 671 2746; x_wconf 73' lang='lat' dir='ltr'><strong>Titum</strong></span> <span class='ocrx_word' id='word_1_341' title='bbox 702 2688 740 2746; x_wconf 92' lang='lat' dir='ltr'><strong>ut</strong></span> <span class='ocrx_word' id='word_1_342' title='bbox 768 2681 828 2747; x_wconf 89' lang='lat' dir='ltr'><strong>sibi</strong></span> <span class='ocrx_word' id='word_1_343' title='bbox 861 2684 948 2747; x_wconf 86' lang='lat' dir='ltr'><strong>vitae</strong></span> <span class='ocrx_word' id='word_1_344' title='bbox 970 2681 1160 2765; x_wconf 89' lang='lat' dir='ltr'><strong>integritate</strong></span> <span class='ocrx_word' id='word_1_345' title='bbox 1213 2676 1292 2743; x_wconf 89' lang='lat' dir='ltr'><strong>alios</strong></span> <span class='ocrx_word' id='word_1_346' title='bbox 1320 2697 1434 2742; x_wconf 91' lang='lat' dir='ltr'><strong>omnes</strong></span> <span class='ocrx_word' id='word_1_347' title='bbox 1464 2677 1638 2761; x_wconf 89' lang='lat' dir='ltr'><strong>despicere.</strong></span> <span class='ocrx_word' id='word_1_348' title='bbox 1684 2678 1736 2744; x_wconf 90' lang='lat' dir='ltr'><strong>Ita</strong></span> <span class='ocrx_word' id='word_1_349' title='bbox 1764 2679 1803 2744; x_wconf 91' lang='lat' dir='ltr'><strong>fit</strong></span> <span class='ocrx_word' id='word_1_350' title='bbox 1829 2691 1867 2746; x_wconf 92' lang='lat' dir='ltr'><strong>ut</strong></span> <span class='ocrx_word' id='word_1_351' title='bbox 1888 2681 1984 2746; x_wconf 91' lang='lat' dir='ltr'><strong>multi</strong></span> <span class='ocrx_word' id='word_1_352' title='bbox 2008 2682 2102 2749; x_wconf 91' lang='lat' dir='ltr'><strong>donis</strong></span> <span class='ocrx_word' id='word_1_353' title='bbox 2123 2683 2189 2750; x_wconf 92' lang='lat' dir='ltr'><strong>Dei</strong></span> 
     </span>
     <span class='ocr_line' id='line_1_27' title="bbox 182 2762 2189 2852; baseline 0.001 -18"><span class='ocrx_word' id='word_1_354' title='bbox 182 2769 381 2836; x_wconf 88' lang='lat' dir='ltr'><strong>audientiam</strong></span> <span class='ocrx_word' id='word_1_355' title='bbox 405 2791 443 2836; x_wconf 90' lang='lat' dir='ltr'><strong>au</strong></span> <span class='ocrx_word' id='word_1_356' title='bbox 466 2768 658 2852; x_wconf 88' lang='lat' dir='ltr'><strong>dignitatem</strong></span> <span class='ocrx_word' id='word_1_357' title='bbox 682 2766 842 2833; x_wconf 86' lang='lat' dir='ltr'><strong>conciliet.</strong></span> <span class='ocrx_word' id='word_1_358' title='bbox 884 2771 933 2833; x_wconf 79' lang='lat' dir='ltr'><strong>Aa</strong></span> <span class='ocrx_word' id='word_1_359' title='bbox 956 2789 1069 2833; x_wconf 84' lang='lat' dir='ltr'><strong>verum</strong></span> <span class='ocrx_word' id='word_1_360' title='bbox 1091 2767 1161 2850; x_wconf 92' lang='lat' dir='ltr'><strong>qui·</strong></span> <span class='ocrx_word' id='word_1_361' title='bbox 1212 2783 1287 2830; x_wconf 88' lang='lat' dir='ltr'><strong>oum</strong></span> <span class='ocrx_word' id='word_1_362' title='bbox 1302 2762 1439 2827; x_wconf 79' lang='lat' dir='ltr'><strong>fratrum</strong></span> <span class='ocrx_word' id='word_1_363' title='bbox 1455 2766 2099 2851; x_wconf 86' lang='lat' dir='ltr'><strong>contemptusuperbiant:contemptum</strong></span> <span class='ocrx_word' id='word_1_364' title='bbox 2110 2789 2189 2836; x_wconf 92' lang='lat' dir='ltr'><strong>mox</strong></span> 
     </span>
     <span class='ocr_line' id='line_1_28' title="bbox 184 2848 2189 2939; baseline 0 -18"><span class='ocrx_word' id='word_1_365' title='bbox 184 2857 257 2921; x_wconf 93' lang='lat' dir='ltr'><strong>dem</strong></span> <span class='ocrx_word' id='word_1_366' title='bbox 281 2865 340 2934; x_wconf 91' lang='lat' dir='ltr'><strong>est,</strong></span> <span class='ocrx_word' id='word_1_367' title='bbox 370 2876 477 2920; x_wconf 89' lang='lat' dir='ltr'><strong>mores</strong></span> <span class='ocrx_word' id='word_1_368' title='bbox 500 2862 630 2920; x_wconf 89' lang='lat' dir='ltr'><strong>sanatos</strong></span> <span class='ocrx_word' id='word_1_369' title='bbox 652 2859 685 2918; x_wconf 90' lang='lat' dir='ltr'><strong>et</strong></span> <span class='ocrx_word' id='word_1_370' title='bbox 706 2851 889 2936; x_wconf 89' lang='lat' dir='ltr'><strong>inculpatos</strong></span> <span class='ocrx_word' id='word_1_371' title='bbox 911 2853 1017 2920; x_wconf 86' lang='lat' dir='ltr'><strong>lacera</strong></span> <span class='ocrx_word' id='word_1_372' title='bbox 1039 2853 1159 2919; x_wconf 90' lang='lat' dir='ltr'><strong>doetri-</strong></span> <span class='ocrx_word' id='word_1_373' title='bbox 1211 2848 1357 2932; x_wconf 87' lang='lat' dir='ltr'><strong>sequitur</strong></span> <span class='ocrx_word' id='word_1_374' title='bbox 1374 2848 1579 2915; x_wconf 88' lang='lat' dir='ltr'><strong>contumelia.</strong></span> <span class='ocrx_word' id='word_1_375' title='bbox 1618 2848 1825 2919; x_wconf 77' lang='lat' dir='ltr'><strong>Christianos</strong></span> <span class='ocrx_word' id='word_1_376' title='bbox 1847 2873 1934 2936; x_wconf 88' lang='lat' dir='ltr'><strong>ergo,</strong></span> <span class='ocrx_word' id='word_1_377' title='bbox 1957 2854 2088 2919; x_wconf 89' lang='lat' dir='ltr'><strong>tametsi</strong></span> <span class='ocrx_word' id='word_1_378' title='bbox 2111 2875 2189 2939; x_wconf 92' lang='lat' dir='ltr'><strong>prae</strong></span> 
     </span>
     <span class='ocr_line' id='line_1_29' title="bbox 183 2934 2189 3024; baseline 0 -17"><span class='ocrx_word' id='word_1_379' title='bbox 183 2961 246 3007; x_wconf 94' lang='lat' dir='ltr'><strong>nae</strong></span> <span class='ocrx_word' id='word_1_380' title='bbox 266 2941 487 3007; x_wconf 88' lang='lat' dir='ltr'><strong>autoritatem.</strong></span> <span class='ocrx_word' id='word_1_381' title='bbox 524 2940 648 3004; x_wconf 88' lang='lat' dir='ltr'><strong>Verum</strong></span> <span class='ocrx_word' id='word_1_382' title='bbox 672 2939 735 3003; x_wconf 90' lang='lat' dir='ltr'><strong>alio</strong></span> <span class='ocrx_word' id='word_1_383' title='bbox 752 2940 899 3022; x_wconf 90' lang='lat' dir='ltr'><strong>respexit</strong></span> <span class='ocrx_word' id='word_1_384' title='bbox 920 2938 1059 3004; x_wconf 89' lang='lat' dir='ltr'><strong>Paulus:</strong></span> <span class='ocrx_word' id='word_1_385' title='bbox 1082 2960 1160 3005; x_wconf 91' lang='lat' dir='ltr'><strong>nam</strong></span> <span class='ocrx_word' id='word_1_386' title='bbox 1212 2935 1286 3000; x_wconf 87' lang='lat' dir='ltr'><strong>aliis</strong></span> <span class='ocrx_word' id='word_1_387' title='bbox 1320 2934 1503 3016; x_wconf 88' lang='lat' dir='ltr'><strong>excellant,</strong></span> <span class='ocrx_word' id='word_1_388' title='bbox 1536 2945 1625 3001; x_wconf 79' lang='lat' dir='ltr'><strong>vetat</strong></span> <span class='ocrx_word' id='word_1_389' title='bbox 1659 2935 1796 3002; x_wconf 88' lang='lat' dir='ltr'><strong>aliorum</strong></span> <span class='ocrx_word' id='word_1_390' title='bbox 1830 2939 1957 3022; x_wconf 89' lang='lat' dir='ltr'><strong>probris</strong></span> <span class='ocrx_word' id='word_1_391' title='bbox 1989 2960 2025 3005; x_wconf 90' lang='lat' dir='ltr'><strong>se</strong></span> <span class='ocrx_word' id='word_1_392' title='bbox 2057 2940 2189 3024; x_wconf 86' lang='lat' dir='ltr'><strong>iaotere,</strong></span> 
     </span>
     <span class='ocr_line' id='line_1_30' title="bbox 182 3021 2188 3123; baseline 0 -30"><span class='ocrx_word' id='word_1_393' title='bbox 182 3028 339 3111; x_wconf 87' lang='lat' dir='ltr'><strong>populum</strong></span> <span class='ocrx_word' id='word_1_394' title='bbox 368 3028 477 3112; x_wconf 89' lang='lat' dir='ltr'><strong>ipsum</strong></span> <span class='ocrx_word' id='word_1_395' title='bbox 508 3026 614 3108; x_wconf 89' lang='lat' dir='ltr'><strong>magis</strong></span> <span class='ocrx_word' id='word_1_396' title='bbox 643 3044 740 3106; x_wconf 89' lang='lat' dir='ltr'><strong>quam</strong></span> <span class='ocrx_word' id='word_1_397' title='bbox 764 3025 876 3090; x_wconf 78' lang='lat' dir='ltr'><strong>&#39;l&#39;itum</strong></span> <span class='ocrx_word' id='word_1_398' title='bbox 899 3024 954 3090; x_wconf 92' lang='lat' dir='ltr'><strong>hio</strong></span> <span class='ocrx_word' id='word_1_399' title='bbox 975 3025 1159 3109; x_wconf 87' lang='lat' dir='ltr'><strong>compellat.</strong></span> <span class='ocrx_word' id='word_1_400' title='bbox 1211 3022 1336 3085; x_wconf 90' lang='lat' dir='ltr'><strong>interea</strong></span> <span class='ocrx_word' id='word_1_401' title='bbox 1370 3041 1435 3084; x_wconf 94' lang='lat' dir='ltr'><strong>uon</strong></span> <span class='ocrx_word' id='word_1_402' title='bbox 1470 3021 1541 3086; x_wconf 90' lang='lat' dir='ltr'><strong>vult</strong></span> <span class='ocrx_word' id='word_1_403' title='bbox 1571 3021 1746 3123; x_wconf 81' lang='lat' dir='ltr'><strong>impioram</strong></span> <span class='ocrx_word' id='word_1_404' title='bbox 1780 3025 1868 3091; x_wconf 84' lang='lat' dir='ltr'><strong>vitiis</strong></span> <span class='ocrx_word' id='word_1_405' title='bbox 1897 3023 1984 3107; x_wconf 85' lang='lat' dir='ltr'><strong>ipsos</strong></span> <span class='ocrx_word' id='word_1_406' title='bbox 2013 3029 2188 3093; x_wconf 88' lang='lat' dir='ltr'><strong>assentari:</strong></span> 
     </span>
     <span class='ocr_line' id='line_1_31' title="bbox 183 3105 2189 3195; baseline -0 -16"><span class='ocrx_word' id='word_1_407' title='bbox 183 3111 274 3195; x_wconf 80' lang='lat' dir='ltr'><strong>Quia</strong></span> <span class='ocrx_word' id='word_1_408' title='bbox 294 3118 364 3180; x_wconf 90' lang='lat' dir='ltr'><strong>tam</strong></span> <span class='ocrx_word' id='word_1_409' title='bbox 387 3112 544 3179; x_wconf 87' lang='lat' dir='ltr'><strong>delicatae</strong></span> <span class='ocrx_word' id='word_1_410' title='bbox 565 3110 681 3176; x_wconf 91' lang='lat' dir='ltr'><strong>multis</strong></span> <span class='ocrx_word' id='word_1_411' title='bbox 703 3119 798 3175; x_wconf 88' lang='lat' dir='ltr'><strong>eraut</strong></span> <span class='ocrx_word' id='word_1_412' title='bbox 817 3131 922 3187; x_wconf 86' lang='lat' dir='ltr'><strong>aures,</strong></span> <span class='ocrx_word' id='word_1_413' title='bbox 954 3120 993 3176; x_wconf 90' lang='lat' dir='ltr'><strong>ut</strong></span> <span class='ocrx_word' id='word_1_414' title='bbox 1014 3110 1081 3175; x_wconf 90' lang='lat' dir='ltr'><strong>illis</strong></span> <span class='ocrx_word' id='word_1_415' title='bbox 1103 3111 1158 3178; x_wconf 92' lang='lat' dir='ltr'><strong>de·</strong></span> <span class='ocrx_word' id='word_1_416' title='bbox 1212 3115 1344 3172; x_wconf 88' lang='lat' dir='ltr'><strong>tantum</strong></span> <span class='ocrx_word' id='word_1_417' title='bbox 1360 3105 1561 3171; x_wconf 89' lang='lat' dir='ltr'><strong>obtrectandi</strong></span> <span class='ocrx_word' id='word_1_418' title='bbox 1577 3107 1745 3173; x_wconf 80' lang='lat' dir='ltr'><strong>libidinem</strong></span> <span class='ocrx_word' id='word_1_419' title='bbox 1760 3109 1902 3176; x_wconf 82' lang='lat' dir='ltr'><strong>damnat</strong></span> <span class='ocrx_word' id='word_1_420' title='bbox 1940 3109 2051 3192; x_wconf 84' lang='lat' dir='ltr'><strong>Quum</strong></span> <span class='ocrx_word' id='word_1_421' title='bbox 2066 3112 2189 3179; x_wconf 90' lang='lat' dir='ltr'><strong>alienos</strong></span> 
     </span>
     <span class='ocr_line' id='line_1_32' title="bbox 183 3191 2187 3285; baseline 0.004 -19"><span class='ocrx_word' id='word_1_422' title='bbox 183 3200 311 3285; x_wconf 89' lang='lat' dir='ltr'><strong>speetui</strong></span> <span class='ocrx_word' id='word_1_423' title='bbox 339 3204 425 3266; x_wconf 90' lang='lat' dir='ltr'><strong>esset</strong></span> <span class='ocrx_word' id='word_1_424' title='bbox 451 3196 613 3281; x_wconf 85' lang='lat' dir='ltr'><strong>evangelii</strong></span> <span class='ocrx_word' id='word_1_425' title='bbox 635 3195 838 3278; x_wconf 90' lang='lat' dir='ltr'><strong>simplicitas:</strong></span> <span class='ocrx_word' id='word_1_426' title='bbox 867 3197 945 3279; x_wconf 89' lang='lat' dir='ltr'><strong>quia</strong></span> <span class='ocrx_word' id='word_1_427' title='bbox 966 3198 1013 3261; x_wconf 89' lang='lat' dir='ltr'><strong>sia</strong></span> <span class='ocrx_word' id='word_1_428' title='bbox 1035 3198 1159 3279; x_wconf 91' lang='lat' dir='ltr'><strong>prurie-</strong></span> <span class='ocrx_word' id='word_1_429' title='bbox 1212 3214 1231 3258; x_wconf 69' lang='grc' dir='ltr'>ι</span> <span class='ocrx_word' id='word_1_430' title='bbox 1259 3191 1380 3276; x_wconf 63' lang='lat' dir='ltr'><strong>putuit</strong></span> <span class='ocrx_word' id='word_1_431' title='bbox 1409 3212 1479 3257; x_wconf 77' lang='lat'><strong>⁰⁸⁸⁰</strong></span> <span class='ocrx_word' id='word_1_432' title='bbox 1503 3193 1601 3271; x_wconf 89' lang='lat' dir='ltr'><strong>iubet,</strong></span> <span class='ocrx_word' id='word_1_433' title='bbox 1634 3193 1770 3277; x_wconf 68' lang='lat' dir='ltr'><strong>P⁰fi⁰d⁰</strong></span> <span class='ocrx_word' id='word_1_434' title='bbox 1792 3207 1845 3261; x_wconf 62' lang='lat'><strong>⁶⁸2</strong></span> <span class='ocrx_word' id='word_1_435' title='bbox 1865 3216 1903 3261; x_wconf 76' lang='lat'><strong>⁸⁰</strong></span> <span class='ocrx_word' id='word_1_436' title='bbox 1924 3196 1953 3263; x_wconf 66' lang='lat' dir='ltr'><strong>ti</strong></span> <span class='ocrx_word' id='word_1_437' title='bbox 1975 3195 2105 3275; x_wconf 62' lang='lat' dir='ltr'><strong>ditem.</strong></span> <span class='ocrx_word' id='word_1_438' title='bbox 2140 3199 2187 3264; x_wconf 74' lang='lat' dir='ltr'><strong>fu·</strong></span> 
     </span>
     <span class='ocr_line' id='line_1_33' title="bbox 183 3277 2188 3364; baseline -0.001 -12"><span class='ocrx_word' id='word_1_439' title='bbox 183 3286 263 3353; x_wconf 91' lang='lat' dir='ltr'><strong>baut</strong></span> <span class='ocrx_word' id='word_1_440' title='bbox 303 3305 415 3352; x_wconf 91' lang='lat' dir='ltr'><strong>rerum</strong></span> <span class='ocrx_word' id='word_1_441' title='bbox 452 3302 612 3350; x_wconf 82' lang='lat' dir='ltr'><strong>novarum</strong></span> <span class='ocrx_word' id='word_1_442' title='bbox 649 3282 821 3361; x_wconf 90' lang='lat' dir='ltr'><strong>desiderio,</strong></span> <span class='ocrx_word' id='word_1_443' title='bbox 866 3290 905 3347; x_wconf 92' lang='lat' dir='ltr'><strong>ut</strong></span> <span class='ocrx_word' id='word_1_444' title='bbox 940 3282 1159 3349; x_wconf 88' lang='lat' dir='ltr'><strong>aedificationi</strong></span> <span class='ocrx_word' id='word_1_445' title='bbox 1211 3277 1348 3362; x_wconf 89' lang='lat' dir='ltr'><strong>gieudas</strong></span> <span class='ocrx_word' id='word_1_446' title='bbox 1362 3297 1433 3343; x_wconf 90' lang='lat' dir='ltr'><strong>esse</strong></span> <span class='ocrx_word' id='word_1_447' title='bbox 1454 3278 1530 3342; x_wconf 92' lang='lat' dir='ltr'><strong>lites</strong></span> <span class='ocrx_word' id='word_1_448' title='bbox 1551 3299 1589 3345; x_wconf 90' lang='lat' dir='ltr'><strong>ac</strong></span> <span class='ocrx_word' id='word_1_449' title='bbox 1610 3278 1726 3364; x_wconf 86' lang='lat' dir='ltr'><strong>iurgia.</strong></span> <span class='ocrx_word' id='word_1_450' title='bbox 1765 3281 1843 3350; x_wconf 92' lang='lat' dir='ltr'><strong>Ideo</strong></span> <span class='ocrx_word' id='word_1_451' title='bbox 1865 3283 1948 3350; x_wconf 92' lang='lat' dir='ltr'><strong>bene</strong></span> <span class='ocrx_word' id='word_1_452' title='bbox 1970 3293 2065 3349; x_wconf 81' lang='lat' dir='ltr'><strong>retus</strong></span> <span class='ocrx_word' id='word_1_453' title='bbox 2086 3285 2188 3350; x_wconf 92' lang='lat' dir='ltr'><strong>iuter-</strong></span> 
     </span>
     <span class='ocr_line' id='line_1_34' title="bbox 181 3362 2187 3453; baseline -0.002 -14"><span class='ocrx_word' id='word_1_454' title='bbox 181 3372 294 3439; x_wconf 92' lang='lat' dir='ltr'><strong>nullus</strong></span> <span class='ocrx_word' id='word_1_455' title='bbox 323 3371 392 3437; x_wconf 84' lang='lat' dir='ltr'><strong>fere</strong></span> <span class='ocrx_word' id='word_1_456' title='bbox 419 3369 510 3437; x_wconf 90' lang='lat' dir='ltr'><strong>loous</strong></span> <span class='ocrx_word' id='word_1_457' title='bbox 538 3367 639 3433; x_wconf 78' lang='lat' dir='ltr'><strong>foret:</strong></span> <span class='ocrx_word' id='word_1_458' title='bbox 673 3367 831 3435; x_wconf 92' lang='lat' dir='ltr'><strong>eiusmodi</strong></span> <span class='ocrx_word' id='word_1_459' title='bbox 856 3368 1026 3434; x_wconf 92' lang='lat' dir='ltr'><strong>hominum</strong></span> <span class='ocrx_word' id='word_1_460' title='bbox 1048 3389 1158 3453; x_wconf 90' lang='lat' dir='ltr'><strong>super·</strong></span> <span class='ocrx_word' id='word_1_461' title='bbox 1211 3384 1295 3448; x_wconf 89' lang='lat' dir='ltr'><strong>pres,</strong></span> <span class='ocrx_word' id='word_1_462' title='bbox 1324 3364 1381 3445; x_wconf 93' lang='lat' dir='ltr'><strong>qui</strong></span> <span class='ocrx_word' id='word_1_463' title='bbox 1401 3362 1554 3445; x_wconf 90' lang='lat' dir='ltr'><strong>reddidit,</strong></span> <span class='ocrx_word' id='word_1_464' title='bbox 1576 3384 1641 3430; x_wconf 93' lang='lat' dir='ltr'><strong>non</strong></span> <span class='ocrx_word' id='word_1_465' title='bbox 1664 3365 1833 3451; x_wconf 88' lang='lat' dir='ltr'><strong>litigiosos.</strong></span> <span class='ocrx_word' id='word_1_466' title='bbox 1863 3368 2059 3436; x_wconf 72' lang='lat' dir='ltr'><strong>eliberim</strong></span> <span class='ocrx_word' id='word_1_467' title='bbox 2081 3371 2187 3437; x_wconf 91' lang='lat' dir='ltr'><strong>modis</strong></span> 
     </span>
     <span class='ocr_line' id='line_1_35' title="bbox 183 3449 2186 3538; baseline 0 -16"><span class='ocrx_word' id='word_1_468' title='bbox 183 3455 270 3522; x_wconf 90' lang='lat' dir='ltr'><strong>biam</strong></span> <span class='ocrx_word' id='word_1_469' title='bbox 285 3456 440 3535; x_wconf 90' lang='lat' dir='ltr'><strong>retundit,</strong></span> <span class='ocrx_word' id='word_1_470' title='bbox 463 3461 496 3521; x_wconf 90' lang='lat' dir='ltr'><strong>et</strong></span> <span class='ocrx_word' id='word_1_471' title='bbox 510 3475 622 3521; x_wconf 84' lang='lat' dir='ltr'><strong>severe</strong></span> <span class='ocrx_word' id='word_1_472' title='bbox 639 3455 809 3521; x_wconf 90' lang='lat' dir='ltr'><strong>denuntiat</strong></span> <span class='ocrx_word' id='word_1_473' title='bbox 823 3464 862 3520; x_wconf 92' lang='grc' dir='ltr'><strong>ιιι</strong></span> <span class='ocrx_word' id='word_1_474' title='bbox 883 3453 925 3520; x_wconf 93' lang='lat' dir='ltr'><strong>ab</strong></span> <span class='ocrx_word' id='word_1_475' title='bbox 947 3454 1038 3520; x_wconf 92' lang='lat' dir='ltr'><strong>omni</strong></span> <span class='ocrx_word' id='word_1_476' title='bbox 1060 3473 1159 3521; x_wconf 88' lang='lat' dir='ltr'><strong>sanae</strong></span> <span class='ocrx_word' id='word_1_477' title='bbox 1212 3469 1309 3532; x_wconf 88' lang='lat' dir='ltr'><strong>quam</strong></span> <span class='ocrx_word' id='word_1_478' title='bbox 1343 3449 1451 3534; x_wconf 91' lang='lat' dir='ltr'><strong>gladio</strong></span> <span class='ocrx_word' id='word_1_479' title='bbox 1484 3459 1541 3515; x_wconf 89' lang='lat' dir='ltr'><strong>aut</strong></span> <span class='ocrx_word' id='word_1_480' title='bbox 1568 3471 1670 3517; x_wconf 92' lang='lat' dir='ltr'><strong>manu</strong></span> <span class='ocrx_word' id='word_1_481' title='bbox 1696 3466 1874 3538; x_wconf 89' lang='lat' dir='ltr'><strong>pugnatur.</strong></span> <span class='ocrx_word' id='word_1_482' title='bbox 1925 3457 1971 3522; x_wconf 83' lang='lat' dir='ltr'><strong>Et</strong></span> <span class='ocrx_word' id='word_1_483' title='bbox 2000 3457 2087 3523; x_wconf 90' lang='lat' dir='ltr'><strong>huno</strong></span> <span class='ocrx_word' id='word_1_484' title='bbox 2116 3476 2186 3522; x_wconf 88' lang='lat' dir='ltr'><strong>esse</strong></span> 
     </span>
     <span class='ocr_line' id='line_1_36' title="bbox 182 3537 2187 3624; baseline 0 -16"><span class='ocrx_word' id='word_1_485' title='bbox 182 3552 216 3609; x_wconf 90' lang='lat' dir='ltr'><strong>at</strong></span> <span class='ocrx_word' id='word_1_486' title='bbox 264 3542 356 3606; x_wconf 90' lang='lat' dir='ltr'><strong>utilis</strong></span> <span class='ocrx_word' id='word_1_487' title='bbox 406 3541 573 3606; x_wconf 88' lang='lat' dir='ltr'><strong>doetrinae</strong></span> <span class='ocrx_word' id='word_1_488' title='bbox 622 3551 812 3624; x_wconf 89' lang='lat' dir='ltr'><strong>contemptu</strong></span> <span class='ocrx_word' id='word_1_489' title='bbox 865 3541 1036 3607; x_wconf 87' lang='lat' dir='ltr'><strong>desistant.</strong></span> <span class='ocrx_word' id='word_1_490' title='bbox 1107 3540 1160 3607; x_wconf 89' lang='lat' dir='ltr'><strong>Ita</strong></span> <span class='ocrx_word' id='word_1_491' title='bbox 1212 3554 1356 3616; x_wconf 84' lang='lat' dir='ltr'><strong>sensum,</strong></span> <span class='ocrx_word' id='word_1_492' title='bbox 1387 3558 1428 3601; x_wconf 91' lang='lat' dir='ltr'><strong>ex</strong></span> <span class='ocrx_word' id='word_1_493' title='bbox 1451 3538 1664 3621; x_wconf 88' lang='lat' dir='ltr'><strong>sequentibus</strong></span> <span class='ocrx_word' id='word_1_494' title='bbox 1685 3537 1805 3621; x_wconf 87' lang='lat' dir='ltr'><strong>liquet:</strong></span> <span class='ocrx_word' id='word_1_495' title='bbox 1834 3541 1979 3608; x_wconf 88' lang='lat' dir='ltr'><strong>remedia</strong></span> <span class='ocrx_word' id='word_1_496' title='bbox 2000 3543 2086 3605; x_wconf 91' lang='lat' dir='ltr'><strong>anim</strong></span> <span class='ocrx_word' id='word_1_497' title='bbox 2108 3541 2187 3608; x_wconf 90' lang='lat' dir='ltr'><strong>mali</strong></span> 
     </span>
     <span class='ocr_line' id='line_1_37' title="bbox 181 3620 2188 3710; baseline 0 -16"><span class='ocrx_word' id='word_1_498' title='bbox 181 3627 395 3695; x_wconf 82' lang='lat' dir='ltr'><strong>confirmatur</strong></span> <span class='ocrx_word' id='word_1_499' title='bbox 416 3625 500 3710; x_wconf 91' lang='lat' dir='ltr'><strong>quod</strong></span> <span class='ocrx_word' id='word_1_500' title='bbox 522 3627 617 3690; x_wconf 91' lang='lat' dir='ltr'><strong>initio</strong></span> <span class='ocrx_word' id='word_1_501' title='bbox 639 3628 804 3709; x_wconf 83' lang='lat' dir='ltr'><strong>praelatus</strong></span> <span class='ocrx_word' id='word_1_502' title='bbox 827 3647 912 3706; x_wconf 89' lang='lat' dir='ltr'><strong>sum,</strong></span> <span class='ocrx_word' id='word_1_503' title='bbox 946 3625 1160 3692; x_wconf 79' lang='lat' dir='ltr'><strong>Cretensibus</strong></span> <span class='ocrx_word' id='word_1_504' title='bbox 1211 3620 1364 3699; x_wconf 88' lang='lat' dir='ltr'><strong>ostendit,</strong></span> <span class='ocrx_word' id='word_1_505' title='bbox 1388 3642 1488 3705; x_wconf 92' lang='lat' dir='ltr'><strong>quum</strong></span> <span class='ocrx_word' id='word_1_506' title='bbox 1509 3625 1667 3708; x_wconf 90' lang='lat' dir='ltr'><strong>praecipit</strong></span> <span class='ocrx_word' id='word_1_507' title='bbox 1688 3635 1725 3689; x_wconf 91' lang='lat' dir='ltr'><strong>ut</strong></span> <span class='ocrx_word' id='word_1_508' title='bbox 1746 3645 1782 3691; x_wconf 93' lang='lat' dir='ltr'><strong>se</strong></span> <span class='ocrx_word' id='word_1_509' title='bbox 1804 3644 1923 3709; x_wconf 88' lang='lat' dir='ltr'><strong>aequos</strong></span> <span class='ocrx_word' id='word_1_510' title='bbox 1945 3635 1979 3690; x_wconf 91' lang='lat' dir='ltr'><strong>et</strong></span> <span class='ocrx_word' id='word_1_511' title='bbox 1999 3638 2188 3694; x_wconf 84' lang='lat' dir='ltr'><strong>mansuetos</strong></span> 
     </span>
     <span class='ocr_line' id='line_1_38' title="bbox 182 3704 2187 3798; baseline -0.001 -19"><span class='ocrx_word' id='word_1_512' title='bbox 182 3715 292 3798; x_wconf 88' lang='lat' dir='ltr'><strong>potius</strong></span> <span class='ocrx_word' id='word_1_513' title='bbox 326 3731 424 3795; x_wconf 90' lang='lat' dir='ltr'><strong>quam</strong></span> <span class='ocrx_word' id='word_1_514' title='bbox 458 3711 517 3775; x_wconf 90' lang='lat' dir='ltr'><strong>uni</strong></span> <span class='ocrx_word' id='word_1_515' title='bbox 550 3711 706 3793; x_wconf 84' lang='lat' dir='ltr'><strong>privatim</strong></span> <span class='ocrx_word' id='word_1_516' title='bbox 741 3713 867 3777; x_wconf 91' lang='lat' dir='ltr'><strong>bomini</strong></span> <span class='ocrx_word' id='word_1_517' title='bbox 900 3713 1055 3796; x_wconf 87' lang='lat' dir='ltr'><strong>scriptam</strong></span> <span class='ocrx_word' id='word_1_518' title='bbox 1088 3732 1159 3778; x_wconf 91' lang='lat' dir='ltr'><strong>esse</strong></span> <span class='ocrx_word' id='word_1_519' title='bbox 1212 3704 1364 3774; x_wconf 89' lang='lat' dir='ltr'><strong>omnibus</strong></span> <span class='ocrx_word' id='word_1_520' title='bbox 1393 3708 1582 3790; x_wconf 85' lang='lat' dir='ltr'><strong>praebeant:</strong></span> <span class='ocrx_word' id='word_1_521' title='bbox 1611 3713 1756 3794; x_wconf 87' lang='lat' dir='ltr'><strong>aequitas</strong></span> <span class='ocrx_word' id='word_1_522' title='bbox 1780 3713 1868 3778; x_wconf 90' lang='lat' dir='ltr'><strong>enim</strong></span> <span class='ocrx_word' id='word_1_523' title='bbox 1890 3730 2017 3777; x_wconf 89' lang='lat' dir='ltr'><strong>summo</strong></span> <span class='ocrx_word' id='word_1_524' title='bbox 2038 3712 2121 3776; x_wconf 89' lang='lat' dir='ltr'><strong>iuris</strong></span> <span class='ocrx_word' id='word_1_525' title='bbox 2142 3712 2187 3777; x_wconf 89' lang='lat' dir='ltr'><strong>ri·</strong></span> 
     </span>
     <span class='ocr_line' id='line_1_39' title="bbox 183 3796 2188 3882; baseline 0 -18"><span class='ocrx_word' id='word_1_526' title='bbox 183 3799 269 3866; x_wconf 92' lang='lat' dir='ltr'><strong>hano</strong></span> <span class='ocrx_word' id='word_1_527' title='bbox 290 3796 471 3882; x_wconf 91' lang='lat' dir='ltr'><strong>epistolam.</strong></span> <span class='ocrx_word' id='word_1_528' title='bbox 536 3846 551 3882; x_wconf 78' lang='grc'><em>,</em></span> <span class='ocrx_word' id='word_1_529' title='bbox 1123 3848 1129 3861; x_wconf 65' lang='lat'><strong>.</strong></span> <span class='ocrx_word' id='word_1_530' title='bbox 1211 3796 1283 3878; x_wconf 82' lang='lat' dir='ltr'><strong>goni</strong></span> <span class='ocrx_word' id='word_1_531' title='bbox 1303 3796 1489 3876; x_wconf 90' lang='lat' dir='ltr'><strong>opponitur,</strong></span> <span class='ocrx_word' id='word_1_532' title='bbox 1519 3796 1733 3861; x_wconf 87' lang='lat' dir='ltr'><strong>mansuetudo</strong></span> <span class='ocrx_word' id='word_1_533' title='bbox 1757 3797 2002 3863; x_wconf 87' lang='lat' dir='ltr'><strong>amarulentiae.</strong></span> <span class='ocrx_word' id='word_1_534' title='bbox 2047 3798 2137 3882; x_wconf 80' lang='lat' dir='ltr'><strong>Ergo</strong></span> <span class='ocrx_word' id='word_1_535' title='bbox 2158 3799 2188 3865; x_wconf 93' lang='lat' dir='ltr'><strong>si</strong></span> 
     </span>
     <span class='ocr_line' id='line_1_40' title="bbox 1211 3881 2186 3970; baseline 0.002 -24"><span class='ocrx_word' id='word_1_536' title='bbox 1211 3901 1308 3946; x_wconf 91' lang='lat' dir='ltr'><strong>omne</strong></span> <span class='ocrx_word' id='word_1_537' title='bbox 1320 3899 1422 3962; x_wconf 88' lang='lat' dir='ltr'><strong>genus</strong></span> <span class='ocrx_word' id='word_1_538' title='bbox 1434 3881 1681 3946; x_wconf 74' lang='lat' dir='ltr'><strong>contentionum</strong></span> <span class='ocrx_word' id='word_1_539' title='bbox 1693 3902 1731 3947; x_wconf 90' lang='lat' dir='ltr'><strong>aa</strong></span> <span class='ocrx_word' id='word_1_540' title='bbox 1743 3904 1928 3967; x_wconf 90' lang='lat' dir='ltr'><strong>pugnarum</strong></span> <span class='ocrx_word' id='word_1_541' title='bbox 1943 3883 2055 3968; x_wconf 86' lang='lat' dir='ltr'><strong>ingere</strong></span> <span class='ocrx_word' id='word_1_542' title='bbox 2069 3884 2186 3970; x_wconf 85' lang='lat' dir='ltr'><strong>placet,</strong></span> 
     </span>
     <span class='ocr_line' id='line_1_41' title="bbox 1211 3965 2187 4054; baseline 0.005 -24"><span class='ocrx_word' id='word_1_543' title='bbox 1211 3967 1355 4050; x_wconf 94' lang='lat' dir='ltr'><strong>primum</strong></span> <span class='ocrx_word' id='word_1_544' title='bbox 1378 3965 1542 4031; x_wconf 88' lang='lat' dir='ltr'><strong>discamus</strong></span> <span class='ocrx_word' id='word_1_545' title='bbox 1563 3966 1697 4032; x_wconf 89' lang='lat' dir='ltr'><strong>lenitate</strong></span> <span class='ocrx_word' id='word_1_546' title='bbox 1718 3969 1824 4034; x_wconf 90' lang='lat' dir='ltr'><strong>multa</strong></span> <span class='ocrx_word' id='word_1_547' title='bbox 1845 3978 2044 4054; x_wconf 86' lang='lat' dir='ltr'><strong>temperare:</strong></span> <span class='ocrx_word' id='word_1_548' title='bbox 2070 3969 2187 4035; x_wconf 91' lang='lat' dir='ltr'><strong>deiude</strong></span> 
     </span>
     <span class='ocr_line' id='line_1_42' title="bbox 534 4051 2186 4138; baseline 0.002 -20"><span class='ocrx_word' id='word_1_549' title='bbox 534 4054 717 4136; x_wconf 77' lang='lat' dir='ltr'><strong>CAPUT</strong></span> <span class='ocrx_word' id='word_1_550' title='bbox 737 4053 814 4138; x_wconf 80' lang='lat' dir='ltr'><strong>Hi.</strong></span> <span class='ocrx_word' id='word_1_551' title='bbox 1211 4051 1318 4118; x_wconf 89' lang='lat' dir='ltr'><strong>multa</strong></span> <span class='ocrx_word' id='word_1_552' title='bbox 1347 4053 1446 4117; x_wconf 91' lang='lat' dir='ltr'><strong>etiam</strong></span> <span class='ocrx_word' id='word_1_553' title='bbox 1468 4052 1645 4136; x_wconf 89' lang='lat' dir='ltr'><strong>ignoscere.</strong></span> <span class='ocrx_word' id='word_1_554' title='bbox 1690 4054 1775 4119; x_wconf 88' lang='lat' dir='ltr'><strong>Nam</strong></span> <span class='ocrx_word' id='word_1_555' title='bbox 1799 4057 1856 4138; x_wconf 92' lang='lat' dir='ltr'><strong>qui</strong></span> <span class='ocrx_word' id='word_1_556' title='bbox 1878 4056 1965 4121; x_wconf 91' lang='lat' dir='ltr'><strong>ultra</strong></span> <span class='ocrx_word' id='word_1_557' title='bbox 1986 4055 2120 4121; x_wconf 91' lang='lat' dir='ltr'><strong>modum</strong></span> <span class='ocrx_word' id='word_1_558' title='bbox 2141 4056 2186 4121; x_wconf 92' lang='lat' dir='ltr'><strong>ri·</strong></span> 
     </span>
     <span class='ocr_line' id='line_1_43' title="bbox 1211 4137 2186 4223; baseline 0.005 -21"><span class='ocrx_word' id='word_1_559' title='bbox 1211 4137 1280 4223; x_wconf 92' lang='lat' dir='ltr'><strong>gidi</strong></span> <span class='ocrx_word' id='word_1_560' title='bbox 1308 4149 1387 4205; x_wconf 90' lang='lat' dir='ltr'><strong>sunt</strong></span> <span class='ocrx_word' id='word_1_561' title='bbox 1415 4158 1453 4203; x_wconf 90' lang='lat' dir='ltr'><strong>aa</strong></span> <span class='ocrx_word' id='word_1_562' title='bbox 1482 4139 1610 4219; x_wconf 86' lang='lat' dir='ltr'><strong>morosi,</strong></span> <span class='ocrx_word' id='word_1_563' title='bbox 1643 4139 1753 4222; x_wconf 91' lang='lat' dir='ltr'><strong>ignem</strong></span> <span class='ocrx_word' id='word_1_564' title='bbox 1784 4161 1895 4208; x_wconf 89' lang='lat' dir='ltr'><strong>seeum</strong></span> <span class='ocrx_word' id='word_1_565' title='bbox 1925 4142 2035 4207; x_wconf 89' lang='lat' dir='ltr'><strong>lerunt</strong></span> <span class='ocrx_word' id='word_1_566' title='bbox 2056 4142 2186 4207; x_wconf 87' lang='lat' dir='ltr'><strong>inflam-</strong></span> 
     </span>
     <span class='ocr_line' id='line_1_44' title="bbox 269 4223 2186 4311; baseline 0.002 -22"><span class='ocrx_word' id='word_1_567' title='bbox 269 4228 298 4292; x_wconf 91' lang='lat'><strong>1.</strong></span> <span class='ocrx_word' id='word_1_568' title='bbox 321 4226 465 4291; x_wconf 80' lang='lat' dir='ltr'><strong>Admone</strong></span> <span class='ocrx_word' id='word_1_569' title='bbox 491 4225 562 4291; x_wconf 79' lang='lat' dir='ltr'><strong>allos</strong></span> <span class='ocrx_word' id='word_1_570' title='bbox 590 4230 626 4290; x_wconf 87' lang='lat' dir='ltr'><strong>ut</strong></span> <span class='ocrx_word' id='word_1_571' title='bbox 648 4225 882 4309; x_wconf 77' lang='lat' dir='ltr'><strong>priucipatibus</strong></span> <span class='ocrx_word' id='word_1_572' title='bbox 910 4231 937 4293; x_wconf 89' lang='lat' dir='ltr'><strong>et</strong></span> <span class='ocrx_word' id='word_1_573' title='bbox 955 4227 1160 4311; x_wconf 77' lang='lat' dir='ltr'><strong>potestatibus</strong></span> <span class='ocrx_word' id='word_1_574' title='bbox 1211 4224 1339 4291; x_wconf 90' lang='lat' dir='ltr'><strong>mandis</strong></span> <span class='ocrx_word' id='word_1_575' title='bbox 1369 4223 1613 4290; x_wconf 89' lang='lat' dir='ltr'><strong>uertaminibus.</strong></span> <span class='ocrx_word' id='word_1_576' title='bbox 1660 4225 1751 4291; x_wconf 89' lang='lat' dir='ltr'><strong>Dicit</strong></span> <span class='ocrx_word' id='word_1_577' title='bbox 1772 4237 1891 4308; x_wconf 89' lang='lat' dir='ltr'><strong>autem,</strong></span> <span class='ocrx_word' id='word_1_578' title='bbox 1921 4248 2012 4311; x_wconf 91' lang='lat' dir='ltr'><strong>erga</strong></span> <span class='ocrx_word' id='word_1_579' title='bbox 2034 4247 2186 4294; x_wconf 84' lang='lat' dir='ltr'><strong>omnes:</strong></span> 
     </span>
     <span class='ocr_line' id='line_1_45' title="bbox 181 4309 2185 4398; baseline 0 -20"><span class='ocrx_word' id='word_1_580' title='bbox 181 4313 297 4379; x_wconf 77' lang='lat' dir='ltr'><strong>subditi</strong></span> <span class='ocrx_word' id='word_1_581' title='bbox 311 4313 385 4390; x_wconf 82' lang='lat' dir='ltr'><strong>siut,</strong></span> <span class='ocrx_word' id='word_1_582' title='bbox 406 4317 441 4377; x_wconf 90' lang='lat' dir='ltr'><strong>ut</strong></span> <span class='ocrx_word' id='word_1_583' title='bbox 454 4309 691 4395; x_wconf 71' lang='lat' dir='ltr'><strong>magistratibus</strong></span> <span class='ocrx_word' id='word_1_584' title='bbox 699 4317 847 4394; x_wconf 82' lang='lat' dir='ltr'><strong>pareunt,</strong></span> <span class='ocrx_word' id='word_1_585' title='bbox 867 4318 902 4379; x_wconf 88' lang='lat' dir='ltr'><strong>ut</strong></span> <span class='ocrx_word' id='word_1_586' title='bbox 915 4313 959 4379; x_wconf 83' lang='lat' dir='ltr'><strong>ad</strong></span> <span class='ocrx_word' id='word_1_587' title='bbox 972 4333 1059 4379; x_wconf 82' lang='lat' dir='ltr'><strong>omne</strong></span> <span class='ocrx_word' id='word_1_588' title='bbox 1080 4331 1158 4398; x_wconf 81' lang='lat' dir='ltr'><strong>opus</strong></span> <span class='ocrx_word' id='word_1_589' title='bbox 1210 4319 1248 4374; x_wconf 90' lang='lat' dir='ltr'><strong>ut</strong></span> <span class='ocrx_word' id='word_1_590' title='bbox 1263 4309 1432 4392; x_wconf 87' lang='lat' dir='ltr'><strong>significet.</strong></span> <span class='ocrx_word' id='word_1_591' title='bbox 1455 4311 1576 4376; x_wconf 86' lang='lat' dir='ltr'><strong>infimis</strong></span> <span class='ocrx_word' id='word_1_592' title='bbox 1594 4330 1724 4395; x_wconf 90' lang='lat' dir='ltr'><strong>quoque</strong></span> <span class='ocrx_word' id='word_1_593' title='bbox 1746 4326 1780 4377; x_wconf 89' lang='lat' dir='ltr'><strong>et</strong></span> <span class='ocrx_word' id='word_1_594' title='bbox 1801 4312 2027 4379; x_wconf 90' lang='lat' dir='ltr'><strong>abiectissimis</strong></span> <span class='ocrx_word' id='word_1_595' title='bbox 2050 4334 2185 4396; x_wconf 91' lang='lat' dir='ltr'><strong>paroen-</strong></span> 
     </span>
     <span class='ocr_line' id='line_1_46' title="bbox 181 4394 2184 4483; baseline -0 -20"><span class='ocrx_word' id='word_1_596' title='bbox 181 4398 293 4463; x_wconf 84' lang='lat' dir='ltr'><strong>bouum</strong></span> <span class='ocrx_word' id='word_1_597' title='bbox 314 4399 379 4463; x_wconf 82' lang='lat' dir='ltr'><strong>siut</strong></span> <span class='ocrx_word' id='word_1_598' title='bbox 394 4399 523 4481; x_wconf 79' lang='lat' dir='ltr'><strong>parati:</strong></span> <span class='ocrx_word' id='word_1_599' title='bbox 545 4398 574 4462; x_wconf 86' lang='lat'><strong>2.</strong></span> <span class='ocrx_word' id='word_1_600' title='bbox 591 4417 630 4462; x_wconf 87' lang='lat' dir='ltr'><strong>ue</strong></span> <span class='ocrx_word' id='word_1_601' title='bbox 650 4397 688 4461; x_wconf 84' lang='lat' dir='ltr'><strong>de</strong></span> <span class='ocrx_word' id='word_1_602' title='bbox 709 4418 864 4480; x_wconf 81' lang='lat' dir='ltr'><strong>quoquam</strong></span> <span class='ocrx_word' id='word_1_603' title='bbox 882 4400 964 4466; x_wconf 81' lang='lat' dir='ltr'><strong>mute</strong></span> <span class='ocrx_word' id='word_1_604' title='bbox 984 4399 1103 4465; x_wconf 83' lang='lat' dir='ltr'><strong>dieunt:</strong></span> <span class='ocrx_word' id='word_1_605' title='bbox 1123 4404 1159 4465; x_wconf 90' lang='lat' dir='ltr'><strong>ut</strong></span> <span class='ocrx_word' id='word_1_606' title='bbox 1211 4395 1288 4461; x_wconf 92' lang='lat' dir='ltr'><strong>dum</strong></span> <span class='ocrx_word' id='word_1_607' title='bbox 1304 4416 1383 4463; x_wconf 90' lang='lat' dir='ltr'><strong>esse.</strong></span> <span class='ocrx_word' id='word_1_608' title='bbox 1418 4394 1558 4474; x_wconf 82' lang='lat' dir='ltr'><strong>Fideles,</strong></span> <span class='ocrx_word' id='word_1_609' title='bbox 1582 4397 1658 4478; x_wconf 90' lang='lat' dir='ltr'><strong>quia</strong></span> <span class='ocrx_word' id='word_1_610' title='bbox 1672 4398 1790 4481; x_wconf 90' lang='lat' dir='ltr'><strong>impios</strong></span> <span class='ocrx_word' id='word_1_611' title='bbox 1807 4418 1866 4483; x_wconf 93' lang='lat' dir='ltr'><strong>pro</strong></span> <span class='ocrx_word' id='word_1_612' title='bbox 1887 4398 1989 4463; x_wconf 91' lang='lat' dir='ltr'><strong>nihilo</strong></span> <span class='ocrx_word' id='word_1_613' title='bbox 2012 4397 2184 4482; x_wconf 88' lang='lat' dir='ltr'><strong>ducebant,</strong></span> 
     </span>
     <span class='ocr_line' id='line_1_47' title="bbox 181 4480 2186 4568; baseline -0 -19"><span class='ocrx_word' id='word_1_614' title='bbox 181 4485 246 4549; x_wconf 75' lang='lat' dir='ltr'><strong>eiust</strong></span> <span class='ocrx_word' id='word_1_615' title='bbox 274 4503 338 4549; x_wconf 88' lang='lat' dir='ltr'><strong>uou</strong></span> <span class='ocrx_word' id='word_1_616' title='bbox 361 4503 533 4566; x_wconf 64' lang='lat' dir='ltr'><strong>munnere,</strong></span> <span class='ocrx_word' id='word_1_617' title='bbox 563 4482 705 4566; x_wconf 74' lang='lat' dir='ltr'><strong>bumont,</strong></span> <span class='ocrx_word' id='word_1_618' title='bbox 734 4503 852 4549; x_wconf 84' lang='lat' dir='ltr'><strong>omnem</strong></span> <span class='ocrx_word' id='word_1_619' title='bbox 874 4484 1048 4551; x_wconf 68' lang='lat' dir='ltr'><strong>wbibeutee</strong></span> <span class='ocrx_word' id='word_1_620' title='bbox 1068 4505 1158 4552; x_wconf 86' lang='lat' dir='ltr'><strong>mou·</strong></span> <span class='ocrx_word' id='word_1_621' title='bbox 1210 4501 1277 4547; x_wconf 92' lang='lat' dir='ltr'><strong>nou</strong></span> <span class='ocrx_word' id='word_1_622' title='bbox 1305 4483 1467 4566; x_wconf 89' lang='lat' dir='ltr'><strong>putabant</strong></span> <span class='ocrx_word' id='word_1_623' title='bbox 1495 4480 1562 4546; x_wconf 89' lang='lat' dir='ltr'><strong>ulla</strong></span> <span class='ocrx_word' id='word_1_624' title='bbox 1591 4483 1764 4548; x_wconf 88' lang='lat' dir='ltr'><strong>clementia</strong></span> <span class='ocrx_word' id='word_1_625' title='bbox 1794 4503 1865 4549; x_wconf 87' lang='lat' dir='ltr'><strong>ease</strong></span> <span class='ocrx_word' id='word_1_626' title='bbox 1894 4482 2018 4568; x_wconf 85' lang='lat' dir='ltr'><strong>dignos.</strong></span> <span class='ocrx_word' id='word_1_627' title='bbox 2072 4484 2186 4549; x_wconf 68' lang='lat' dir='ltr'><strong>Talem</strong></span> 
     </span>
     <span class='ocr_line' id='line_1_48' title="bbox 180 4568 2185 4654; baseline 0 -19"><span class='ocrx_word' id='word_1_628' title='bbox 180 4571 374 4635; x_wconf 72' lang='grc' dir='ltr'>ιιιιιιιᾱίιιεηι</span> <span class='ocrx_word' id='word_1_629' title='bbox 397 4589 473 4651; x_wconf 77' lang='lat' dir='ltr'><strong>erpo</strong></span> <span class='ocrx_word' id='word_1_630' title='bbox 495 4589 597 4634; x_wconf 79' lang='lat' dir='ltr'><strong>omues</strong></span> <span class='ocrx_word' id='word_1_631' title='bbox 619 4568 768 4635; x_wconf 74' lang='lat' dir='ltr'><strong>homiues.</strong></span> <span class='ocrx_word' id='word_1_632' title='bbox 814 4571 844 4635; x_wconf 86' lang='lat'><strong>3.</strong></span> <span class='ocrx_word' id='word_1_633' title='bbox 870 4570 957 4636; x_wconf 79' lang='lat' dir='ltr'><strong>Nam</strong></span> <span class='ocrx_word' id='word_1_634' title='bbox 983 4576 1159 4638; x_wconf 84' lang='lat' dir='ltr'><strong>eromuaet</strong></span> <span class='ocrx_word' id='word_1_635' title='bbox 1209 4572 1427 4649; x_wconf 86' lang='lat' dir='ltr'><strong>asperitatem,</strong></span> <span class='ocrx_word' id='word_1_636' title='bbox 1449 4587 1532 4653; x_wconf 90' lang='lat' dir='ltr'><strong>quae</strong></span> <span class='ocrx_word' id='word_1_637' title='bbox 1551 4570 1680 4634; x_wconf 90' lang='lat' dir='ltr'><strong>nonnisi</strong></span> <span class='ocrx_word' id='word_1_638' title='bbox 1703 4569 1822 4636; x_wconf 81' lang='lat' dir='ltr'><strong>etastu</strong></span> <span class='ocrx_word' id='word_1_639' title='bbox 1845 4573 1999 4649; x_wconf 87' lang='lat' dir='ltr'><strong>nascitur,</strong></span> <span class='ocrx_word' id='word_1_640' title='bbox 2022 4570 2185 4654; x_wconf 84' lang='lat' dir='ltr'><strong>corrigere</strong></span> 
     </span>
     <span class='ocr_line' id='line_1_49' title="bbox 181 4653 1464 4736; baseline 0 -16"><span class='ocrx_word' id='word_1_641' title='bbox 181 4675 239 4720; x_wconf 82' lang='lat' dir='ltr'><strong>uos</strong></span> <span class='ocrx_word' id='word_1_642' title='bbox 266 4656 354 4721; x_wconf 78' lang='lat' dir='ltr'><strong>stulti</strong></span> <span class='ocrx_word' id='word_1_643' title='bbox 379 4656 542 4736; x_wconf 77' lang='lat' dir='ltr'><strong>quondum,</strong></span> <span class='ocrx_word' id='word_1_644' title='bbox 572 4654 787 4735; x_wconf 61' lang='lat' dir='ltr'><strong>autumes,</strong></span> <span class='ocrx_word' id='word_1_645' title='bbox 817 4661 965 4736; x_wconf 69' lang='lat' dir='ltr'><strong>mcum,</strong></span> <span class='ocrx_word' id='word_1_646' title='bbox 992 4660 1159 4723; x_wconf 78' lang='lat' dir='ltr'><strong>eeruieutea</strong></span> <span class='ocrx_word' id='word_1_647' title='bbox 1208 4653 1335 4720; x_wconf 91' lang='lat' dir='ltr'><strong>Paulus</strong></span> <span class='ocrx_word' id='word_1_648' title='bbox 1354 4654 1464 4720; x_wconf 83' lang='lat' dir='ltr'><strong>voluit.</strong></span> 
     </span>
     <span class='ocr_line' id='line_1_50' title="bbox 181 4737 2185 4825; baseline -0.001 -18"><span class='ocrx_word' id='word_1_649' title='bbox 181 4740 407 4823; x_wconf 76' lang='lat' dir='ltr'><strong>cupiditatibus</strong></span> <span class='ocrx_word' id='word_1_650' title='bbox 434 4747 463 4806; x_wconf 81' lang='lat' dir='ltr'><strong>et</strong></span> <span class='ocrx_word' id='word_1_651' title='bbox 488 4740 698 4823; x_wconf 78' lang='lat' dir='ltr'><strong>voluptatibus</strong></span> <span class='ocrx_word' id='word_1_652' title='bbox 718 4743 831 4825; x_wconf 69' lang='lat' dir='ltr'><strong>naua,</strong></span> <span class='ocrx_word' id='word_1_653' title='bbox 859 4744 894 4808; x_wconf 80' lang='lat' dir='ltr'><strong>iu</strong></span> <span class='ocrx_word' id='word_1_654' title='bbox 914 4741 1039 4808; x_wconf 83' lang='lat' dir='ltr'><strong>molitio</strong></span> <span class='ocrx_word' id='word_1_655' title='bbox 1059 4747 1088 4808; x_wconf 89' lang='lat' dir='ltr'><strong>et</strong></span> <span class='ocrx_word' id='word_1_656' title='bbox 1108 4744 1157 4808; x_wconf 80' lang='lat' dir='ltr'><strong>iu·</strong></span> <span class='ocrx_word' id='word_1_657' title='bbox 1295 4741 1325 4806; x_wconf 84' lang='lat'><strong>2.</strong></span> <span class='ocrx_word' id='word_1_658' title='bbox 1349 4740 1437 4806; x_wconf 87' lang='lat' dir='ltr'><strong>Nam</strong></span> <span class='ocrx_word' id='word_1_659' title='bbox 1464 4760 1592 4806; x_wconf 65' lang='lat' dir='ltr'><strong>malaue</strong></span> <span class='ocrx_word' id='word_1_660' title='bbox 1619 4745 1733 4806; x_wconf 78' lang='lat' dir='ltr'><strong>etuoa</strong></span> <span class='ocrx_word' id='word_1_661' title='bbox 1777 4739 1869 4804; x_wconf 86' lang='lat' dir='ltr'><strong>Nihil</strong></span> <span class='ocrx_word' id='word_1_662' title='bbox 1903 4748 1954 4805; x_wconf 92' lang='lat' dir='ltr'><strong>ost</strong></span> <span class='ocrx_word' id='word_1_663' title='bbox 1985 4737 2185 4823; x_wconf 81' lang='lat' dir='ltr'><strong>subigendae</strong></span> 
     </span>
     <span class='ocr_line' id='line_1_51' title="bbox 180 4824 2186 4912; baseline -0 -20"><span class='ocrx_word' id='word_1_664' title='bbox 180 4828 270 4893; x_wconf 80' lang='lat' dir='ltr'><strong>vidia</strong></span> <span class='ocrx_word' id='word_1_665' title='bbox 289 4828 438 4908; x_wconf 75' lang='lat' dir='ltr'><strong>degeutes,</strong></span> <span class='ocrx_word' id='word_1_666' title='bbox 461 4827 570 4911; x_wconf 80' lang='lat' dir='ltr'><strong>odiosi,</strong></span> <span class='ocrx_word' id='word_1_667' title='bbox 592 4827 722 4892; x_wconf 71' lang='lat' dir='ltr'><strong>iuoiom</strong></span> <span class='ocrx_word' id='word_1_668' title='bbox 743 4828 814 4895; x_wconf 85' lang='lat' dir='ltr'><strong>odio</strong></span> <span class='ocrx_word' id='word_1_669' title='bbox 829 4834 1053 4912; x_wconf 79' lang='lat' dir='ltr'><strong>prosequentes.</strong></span> <span class='ocrx_word' id='word_1_670' title='bbox 1209 4834 1341 4894; x_wconf 87' lang='lat' dir='ltr'><strong>nostrae</strong></span> <span class='ocrx_word' id='word_1_671' title='bbox 1356 4826 1527 4908; x_wconf 90' lang='lat' dir='ltr'><strong>superbiae</strong></span> <span class='ocrx_word' id='word_1_672' title='bbox 1544 4836 1577 4892; x_wconf 90' lang='lat' dir='ltr'><strong>et</strong></span> <span class='ocrx_word' id='word_1_673' title='bbox 1599 4827 1696 4892; x_wconf 92' lang='lat' dir='ltr'><strong>simul</strong></span> <span class='ocrx_word' id='word_1_674' title='bbox 1719 4826 1820 4910; x_wconf 91' lang='lat' dir='ltr'><strong>rigori</strong></span> <span class='ocrx_word' id='word_1_675' title='bbox 1842 4824 2054 4908; x_wconf 90' lang='lat' dir='ltr'><strong>temperando</strong></span> <span class='ocrx_word' id='word_1_676' title='bbox 2075 4824 2186 4907; x_wconf 84' lang='lat' dir='ltr'><strong>aptius</strong></span> 
     </span>
     <span class='ocr_line' id='line_1_52' title="bbox 1210 4909 2184 4995; baseline -0.001 -18"><span class='ocrx_word' id='word_1_677' title='bbox 1210 4932 1308 4994; x_wconf 89' lang='lat' dir='ltr'><strong>quam</strong></span> <span class='ocrx_word' id='word_1_678' title='bbox 1324 4933 1424 4994; x_wconf 94' lang='lat' dir='ltr'><strong>quum</strong></span> <span class='ocrx_word' id='word_1_679' title='bbox 1440 4911 1633 4992; x_wconf 87' lang='lat' dir='ltr'><strong>ostenditur,</strong></span> <span class='ocrx_word' id='word_1_680' title='bbox 1655 4911 1812 4995; x_wconf 90' lang='lat' dir='ltr'><strong>quidquid</strong></span> <span class='ocrx_word' id='word_1_681' title='bbox 1831 4919 2019 4995; x_wconf 91' lang='lat' dir='ltr'><strong>torquemus</strong></span> <span class='ocrx_word' id='word_1_682' title='bbox 2036 4910 2070 4975; x_wconf 91' lang='lat' dir='ltr'><strong>in</strong></span> <span class='ocrx_word' id='word_1_683' title='bbox 2094 4909 2184 4992; x_wconf 83' lang='lat' dir='ltr'><strong>ulios,</strong></span> 
     </span>
     <span class='ocr_line' id='line_1_53' title="bbox 269 4995 2184 5084; baseline 0.001 -23"><span class='ocrx_word' id='word_1_684' title='bbox 269 4999 299 5061; x_wconf 91' lang='lat'><strong>1.</strong></span> <span class='ocrx_word' id='word_1_685' title='bbox 314 4997 456 5063; x_wconf 82' lang='lat' dir='ltr'><strong>Admone</strong></span> <span class='ocrx_word' id='word_1_686' title='bbox 476 4997 556 5063; x_wconf 80' lang='lat' dir='ltr'><strong>illos.</strong></span> <span class='ocrx_word' id='word_1_687' title='bbox 594 4999 648 5064; x_wconf 84' lang='lat' dir='ltr'><strong>Ex</strong></span> <span class='ocrx_word' id='word_1_688' title='bbox 668 4999 889 5083; x_wconf 90' lang='lat' dir='ltr'><strong>compluribus</strong></span> <span class='ocrx_word' id='word_1_689' title='bbox 911 4999 990 5066; x_wconf 88' lang='lat' dir='ltr'><strong>louis</strong></span> <span class='ocrx_word' id='word_1_690' title='bbox 1011 5009 1156 5084; x_wconf 88' lang='lat' dir='ltr'><strong>apparet,</strong></span> <span class='ocrx_word' id='word_1_691' title='bbox 1209 5018 1304 5081; x_wconf 91' lang='lat' dir='ltr'><strong>posse</strong></span> <span class='ocrx_word' id='word_1_692' title='bbox 1336 4999 1371 5062; x_wconf 91' lang='lat' dir='ltr'><strong>in</strong></span> <span class='ocrx_word' id='word_1_693' title='bbox 1405 5007 1502 5080; x_wconf 88' lang='lat' dir='ltr'><strong>caput</strong></span> <span class='ocrx_word' id='word_1_694' title='bbox 1534 5006 1683 5063; x_wconf 92' lang='lat' dir='ltr'><strong>nostrum</strong></span> <span class='ocrx_word' id='word_1_695' title='bbox 1716 4998 1869 5065; x_wconf 88' lang='lat' dir='ltr'><strong>recidere.</strong></span> <span class='ocrx_word' id='word_1_696' title='bbox 1919 4996 2062 5062; x_wconf 85' lang='lat' dir='ltr'><strong>Veniam</strong></span> <span class='ocrx_word' id='word_1_697' title='bbox 2095 4995 2184 5062; x_wconf 92' lang='lat' dir='ltr'><strong>enim</strong></span> 
     </span>
     <span class='ocr_line' id='line_1_54' title="bbox 181 5082 2184 5170; baseline 0 -23"><span class='ocrx_word' id='word_1_698' title='bbox 181 5083 321 5148; x_wconf 90' lang='lat' dir='ltr'><strong>multum</strong></span> <span class='ocrx_word' id='word_1_699' title='bbox 351 5084 473 5167; x_wconf 86' lang='lat' dir='ltr'><strong>negotii</strong></span> <span class='ocrx_word' id='word_1_700' title='bbox 502 5083 656 5150; x_wconf 90' lang='lat' dir='ltr'><strong>habuisse</strong></span> <span class='ocrx_word' id='word_1_701' title='bbox 684 5085 844 5168; x_wconf 90' lang='lat' dir='ltr'><strong>apostolos</strong></span> <span class='ocrx_word' id='word_1_702' title='bbox 871 5093 909 5151; x_wconf 90' lang='lat' dir='ltr'><strong>ut</strong></span> <span class='ocrx_word' id='word_1_703' title='bbox 938 5086 1066 5170; x_wconf 90' lang='lat' dir='ltr'><strong>plebem</strong></span> <span class='ocrx_word' id='word_1_704' title='bbox 1095 5085 1156 5152; x_wconf 85' lang='lat' dir='ltr'><strong>sub</strong></span> <span class='ocrx_word' id='word_1_705' title='bbox 1209 5083 1304 5150; x_wconf 84' lang='lat' dir='ltr'><strong>facile</strong></span> <span class='ocrx_word' id='word_1_706' title='bbox 1333 5082 1388 5147; x_wconf 89' lang='lat' dir='ltr'><strong>dat</strong></span> <span class='ocrx_word' id='word_1_707' title='bbox 1412 5083 1469 5168; x_wconf 92' lang='lat' dir='ltr'><strong>qui</strong></span> <span class='ocrx_word' id='word_1_708' title='bbox 1490 5093 1604 5148; x_wconf 91' lang='lat' dir='ltr'><strong>mutuo</strong></span> <span class='ocrx_word' id='word_1_709' title='bbox 1626 5094 1738 5167; x_wconf 89' lang='lat' dir='ltr'><strong>petere</strong></span> <span class='ocrx_word' id='word_1_710' title='bbox 1761 5083 1898 5166; x_wconf 87' lang='lat' dir='ltr'><strong>cogitur.</strong></span> <span class='ocrx_word' id='word_1_711' title='bbox 1942 5083 1987 5148; x_wconf 81' lang='lat' dir='ltr'><strong>Et</strong></span> <span class='ocrx_word' id='word_1_712' title='bbox 2008 5091 2095 5149; x_wconf 83' lang='lat' dir='ltr'><strong>certe</strong></span> <span class='ocrx_word' id='word_1_713' title='bbox 2116 5103 2184 5149; x_wconf 91' lang='lat' dir='ltr'><strong>uon</strong></span> 
     </span>
     <span class='ocr_line' id='line_1_55' title="bbox 180 5167 2184 5254; baseline 0.001 -22"><span class='ocrx_word' id='word_1_714' title='bbox 180 5170 433 5252; x_wconf 87' lang='lat' dir='ltr'><strong>magistratuum</strong></span> <span class='ocrx_word' id='word_1_715' title='bbox 462 5178 496 5236; x_wconf 92' lang='lat' dir='ltr'><strong>et</strong></span> <span class='ocrx_word' id='word_1_716' title='bbox 517 5171 759 5254; x_wconf 89' lang='lat' dir='ltr'><strong>principatuum</strong></span> <span class='ocrx_word' id='word_1_717' title='bbox 781 5172 919 5254; x_wconf 89' lang='lat' dir='ltr'><strong>imperio</strong></span> <span class='ocrx_word' id='word_1_718' title='bbox 941 5173 1155 5239; x_wconf 89' lang='lat' dir='ltr'><strong>continerent.</strong></span> <span class='ocrx_word' id='word_1_719' title='bbox 1209 5170 1274 5236; x_wconf 91' lang='lat' dir='ltr'><strong>alia</strong></span> <span class='ocrx_word' id='word_1_720' title='bbox 1305 5190 1404 5236; x_wconf 82' lang='lat' dir='ltr'><strong>cause</strong></span> <span class='ocrx_word' id='word_1_721' title='bbox 1432 5173 1483 5234; x_wconf 86' lang='lat' dir='ltr'><strong>est</strong></span> <span class='ocrx_word' id='word_1_722' title='bbox 1510 5188 1593 5252; x_wconf 87' lang='lat' dir='ltr'><strong>quae</strong></span> <span class='ocrx_word' id='word_1_723' title='bbox 1615 5190 1674 5235; x_wconf 89' lang='lat' dir='ltr'><strong>nos</strong></span> <span class='ocrx_word' id='word_1_724' title='bbox 1696 5168 1851 5235; x_wconf 85' lang='lat' dir='ltr'><strong>fratribus</strong></span> <span class='ocrx_word' id='word_1_725' title='bbox 1873 5168 2089 5235; x_wconf 88' lang='lat' dir='ltr'><strong>inexorabiles</strong></span> <span class='ocrx_word' id='word_1_726' title='bbox 2110 5167 2184 5234; x_wconf 90' lang='lat' dir='ltr'><strong>red-</strong></span> 
     </span>
     <span class='ocr_line' id='line_1_56' title="bbox 182 5252 2183 5341; baseline 0 -21"><span class='ocrx_word' id='word_1_727' title='bbox 182 5255 310 5321; x_wconf 87' lang='lat' dir='ltr'><strong>Natura</strong></span> <span class='ocrx_word' id='word_1_728' title='bbox 338 5257 426 5320; x_wconf 91' lang='lat' dir='ltr'><strong>enim</strong></span> <span class='ocrx_word' id='word_1_729' title='bbox 449 5266 639 5341; x_wconf 88' lang='lat' dir='ltr'><strong>appetentes</strong></span> <span class='ocrx_word' id='word_1_730' title='bbox 667 5258 869 5341; x_wconf 84' lang='lat' dir='ltr'><strong>principatus</strong></span> <span class='ocrx_word' id='word_1_731' title='bbox 890 5279 1004 5325; x_wconf 81' lang='lat' dir='ltr'><strong>sumus</strong></span> <span class='ocrx_word' id='word_1_732' title='bbox 1026 5277 1155 5325; x_wconf 87' lang='lat' dir='ltr'><strong>omnes:</strong></span> <span class='ocrx_word' id='word_1_733' title='bbox 1210 5257 1275 5335; x_wconf 87' lang='lat' dir='ltr'><strong>dat,</strong></span> <span class='ocrx_word' id='word_1_734' title='bbox 1309 5255 1371 5323; x_wconf 93' lang='lat' dir='ltr'><strong>nisi</strong></span> <span class='ocrx_word' id='word_1_735' title='bbox 1404 5255 1558 5322; x_wconf 81' lang='lat' dir='ltr'><strong>vitiorum</strong></span> <span class='ocrx_word' id='word_1_736' title='bbox 1592 5264 1781 5322; x_wconf 86' lang='lat' dir='ltr'><strong>nostrorum</strong></span> <span class='ocrx_word' id='word_1_737' title='bbox 1813 5255 2012 5341; x_wconf 88' lang='lat' dir='ltr'><strong>ignorantia.</strong></span> <span class='ocrx_word' id='word_1_738' title='bbox 2067 5252 2183 5323; x_wconf 80' lang='lat' dir='ltr'><strong>Severi</strong></span> 
     </span>
    </p>
   </div>
   <div class='ocr_carea' id='block_1_3' title="bbox 0 0 2374 6016">
    <p class='ocr_par' dir='ltr' id='par_1_3' title="bbox 0 0 2374 6016">
     <span class='ocr_line' id='line_1_57' title="bbox 0 0 2374 6016; baseline 0 0"><span class='ocrx_word' id='word_1_739' title='bbox 0 0 2374 6016; x_wconf 95' lang='lat' dir='ltr'><strong> </strong></span> 
     </span>
    </p>
   </div>
  </div>
 </body>
</html>
