4762 6016
185 413 246 480 101
1073 413 1225 482 CAPUT
1247 412 1294 479 11.
2129 418 2195 486 102

185 610 294 676 Iroeus
322 617 411 674 uerte
435 606 610 692 insigniter
631 606 828 673 efferendus.
872 606 958 672 Nam
981 613 1018 671 ut
1038 607 1066 673 is
1088 625 1158 672 om·
1210 607 1341 760 genitas
1371 607 1458 674 fixus
1486 607 1541 687 sit,
1574 613 1729 693 tanquam
1757 609 1792 676 in
1822 611 1919 678 firma
1939 610 2059 698 radies,
2088 612 2200 680 nullis

185 694 283 762 uibus
296 693 407 777 impiis
416 691 621 778 dogmatibus
637 691 793 777 obviarit,
810 692 866 776 qui
883 691 993 759 doeuit
1008 691 1160 758 homiues
1238 701 1353 760 atunae
1376 692 1672 762 maohinationibus
1694 694 1788 763 deiioi
1810 698 1930 779 poterit
1946 718 1967 764 a
1985 711 2074 765 reete
2091 708 2192 767 statu.

186 779 269 847 nihil
295 779 378 845 seire
408 788 537 862 praeter
557 777 745 846 Christum:
773 779 822 843 its
848 776 962 844 eadem
992 781 1045 844 est
1066 779 1160 859 ratio,
1211 777 1337 846 Contra
1367 779 1396 844 si
1428 779 1502 862 quis
1535 799 1602 846 non
1635 778 1786 847 defixerit
1818 780 1943 848 radiosa
1976 782 2013 849 in
2045 782 2193 864 Christo,

209 884 251 931 ua
282 863 378 930 hodie
410 875 514 931 tutum
547 873 702 948 papatum
735 863 958 931 destruamus:
991 882 1090 949 quem
1118 885 1160 930 ex
1211 863 1308 931 faoile
1344 863 1592 931 oiroumtsrstur
1624 866 1741 950 queris
1774 876 1873 933 vento
1905 865 2086 949 doetrinae,
2124 891 2193 937 non

185 885 312 1016 Christi
333 950 520 1033 ignorantia
541 949 721 1017 oonflatum
743 971 815 1016 esse
837 954 973 1016 onustat.
1211 970 1305 1017 soene
1345 957 1443 1033 atque
1479 950 1575 1016 arbor
1612 950 1714 1019 nullis
1751 952 1832 1019 tulta
1873 951 2036 1022 radioibus
2085 955 2193 1038 primo

273 1034 304 1102 5.
328 1035 415 1102 Nom
435 1037 494 1102 etei
512 1054 637 1118 corpore
656 1054 729 1101 sum
750 1035 870 1102 amors.
915 1034 965 1101 Ne
986 1035 1060 1120 quis
1080 1034 1161 1101 obii·
1212 1055 1340 1119 quoque
1362 1036 1444 1101 flatu
1461 1034 1630 1120 abripitur.
1668 1037 1780 1104 Tertia
1796 1039 1989 1122 metsphoru
2005 1047 2057 1106 ost
2074 1038 2190 1107 tunda-

185 1130 283 1199 oeret
313 1141 354 1186 ex
383 1120 452 1189 loeo
480 1132 546 1187 tam
569 1132 694 1187 remoto
715 1141 831 1206 parum
853 1132 1069 1205 opportunam
1090 1141 1163 1186 asse
1213 1120 1325 1187 menti.
1369 1120 1498 1187 Domus
1524 1122 1621 1203 enim,
1644 1143 1728 1206 quas
1756 1122 1970 1190 fundamento
2001 1145 2067 1191 non
2094 1126 2202 1192 austi·'

187 1206 461 1274 admonitionem:
490 1205 570 1272 dioit
594 1225 738 1272 amorem
761 1226 841 1291 erga
861 1227 917 1274 eos
938 1227 1034 1272 suam
1056 1206 1162 1272 faeere
1213 1216 1320 1287 netur,
1349 1225 1427 1271 mox
1456 1207 1588 1273 oorruit.
1631 1206 1726 1274 Idem
1755 1209 1856 1277 otiis
1885 1209 2003 1278 assidit
2031 1211 2089 1296 qni
2118 1210 2196 1278 aliis

187 1301 225 1359 ut
245 1292 312 1358 illis
334 1291 420 1358 adsit
441 1291 569 1375 spiritu,
591 1301 624 1357 et
641 1292 735 1375 qnasi
751 1313 792 1358 ox
810 1312 847 1358 re
861 1294 1027 1378 praesenti
1040 1290 1162 1358 iudioet
1212 1291 1346 1358 fulturis
1367 1311 1464 1374 quam
1480 1291 1615 1360 Christo
1638 1293 1850 1361 inoumbunt:
1873 1295 1926 1362 vel
1944 1303 2033 1363 uerte
2050 1296 2107 1382 qui
2125 1316 2193 1362 non

187 1377 266 1463 qnid
295 1377 363 1443 illis
392 1376 553 1462 expediat.
596 1377 643 1443 ltt
671 1389 875 1461 proesentem
902 1398 1015 1444 eorum
1037 1386 1161 1444 statum
1213 1377 1347 1444 suntin
1370 1397 1407 1442 eo
1428 1376 1533 1444 solide
1554 1378 1694 1462 fundati,
1716 1380 1773 1446 sed
1796 1379 1918 1447 habent
1939 1383 2034 1465 qnasi
2055 1401 2195 1467 suspen·

188 1462 361 1543 laudando,
389 1462 546 1530 admonet
561 1463 649 1548 ipses
668 1484 711 1530 ne
727 1463 804 1531 inde
821 1463 975 1530 labantur
991 1471 1048 1530 aut
1065 1461 1161 1529 deeli-
1213 1483 1287 1529 aum
1316 1462 1393 1528 fidei
1421 1482 1500 1529 auae
1529 1462 1713 1532 aedilitium
1744 1474 1878 1550 propter
1907 1468 2133 1534 infirmitatem
2155 1485 2195 1533 ae

188 1559 278 1617 nent.
323 1547 525 1629 Coudens,
547 1549 663 1633 inquit,
685 1554 723 1614 et
744 1548 899 1616 videns:
922 1549 984 1615 hoo
1003 1549 1163 1632 estquis
1214 1549 1392 1615 levitatem.
1447 1547 1541 1615 Haeo
1576 1549 1641 1617 duo
1672 1551 1877 1618 observanda
1908 1558 1988 1619 sunt
2017 1553 2052 1619 in
2084 1552 2196 1620 verbis

188 1634 295 1702 rideo.
329 1633 456 1718 Copula
473 1635 559 1701 enim
574 1634 766 1718 partioulam
781 1635 942 1703 oausalem
959 1634 1055 1715 valet,
1078 1633 1163 1718 quod
1214 1633 1368 1718 apostoli:
1389 1633 1559 1700 immons
1591 1656 1664 1704 sose
1696 1657 1809 1705 sorum
1841 1638 2042 1719 firmitatem,
2072 1638 2130 1722 qui
2159 1639 2195 1703 in

187 1721 319 1789 Latinis
341 1728 376 1786 et
397 1718 536 1788 Graeois
557 1723 609 1787 eat
630 1721 797 1787 usitatum.
840 1719 984 1787 Perinde
1004 1731 1054 1786 est
1075 1738 1115 1786 ao
1135 1719 1163 1786 si
1215 1719 1386 1788 Christum
1416 1720 1627 1787 rseumbunt:
1660 1729 1693 1789 et
1721 1742 1854 1790 sursum
1883 1724 2018 1790 minime
2048 1723 2194 1801 dubium,

187 1807 322 1890 diseret,
340 1804 474 1890 Pergite
489 1826 554 1889 qua
568 1806 732 1890 ooopistis:
748 1807 814 1872 soio
828 1809 917 1873 enim
933 1826 991 1873 vos
1006 1805 1164 1872 haetenus
1217 1805 1270 1873 rel
1298 1805 1400 1872 errori
1431 1803 1619 1873 obnoxium.
1663 1810 1776 1892 Atque
1806 1809 1887 1876 haee
1909 1810 2030 1876 eximia
2052 1817 2104 1875 ost
2124 1807 2198 1875 laus

188 1894 334 1959 tenuisse
361 1899 486 1958 reotum
513 1911 662 1959 eursnm:
691 1893 845 1976 qnoniam
873 1912 939 1958 non
967 1891 1074 1959 obstat
1101 1890 1164 1958 looi
1216 1891 1293 1958 fidei
1315 1891 1357 1957 ab
1378 1892 1505 1958 affeetu.
1544 1891 1672 1959 Deinde
1693 1915 1732 1960 eo
1749 1914 1854 1978 usqne
1871 1894 2106 1978 prutioiendum
2125 1914 2199 1960 esse

188 1978 348 2045 distantia
370 1979 543 2060 quominus
566 1997 624 2045 vos
645 1977 750 2045 oeulis
769 1978 891 2044 mentis
912 1976 1099 2061 adspioiam.
1217 1977 1311 2044 uobis
1333 1978 1367 2041 in
1385 1975 1527 2056 Christo,
1550 1977 1629 2043 dnm
1652 1978 1830 2062 profundas
1853 1981 1888 2045 in
1910 2001 1948 2046 eo
1969 1980 2096 2047 ruditas
2119 2000 2196 2065 ege·

280 2062 431 2130 Ordinem
452 2067 481 2128 et
501 2062 710 2129 stabilitatem.
746 2061 823 2128 Duo
844 2064 938 2147 ponit
954 2063 1072 2147 quibus
1088 2082 1163 2130 oon·
1216 2064 1330 2129 rimus.
1374 2061 1470 2129 Unde
1499 2062 1652 2148 oolligere
1679 2076 1869 2149 promptum
1899 2073 1960 2146 est,
1990 2087 2044 2133 eos
2067 2073 2199 2132 tantum

189 2159 258 2217 stat
274 2149 429 2217 eoolesiee
447 2149 613 2233 perfeetio:
637 2149 782 2215 ordinem
797 2150 884 2215 inter
899 2150 996 2232 ipsos,
1020 2146 1165 2215 attidem
1218 2147 1331 2232 vagari
1350 2167 1409 2230 per
1426 2147 1523 2216 devia
1540 2158 1575 2216 ot
1587 2150 1752 2235 inquietos
1766 2151 1936 2234 fluetuare,
1954 2151 2009 2234 qui
2024 2151 2200 2220 Christum

190 2236 225 2302 in
241 2234 427 2302 Christum:
451 2233 574 2301 ordinis
599 2235 732 2301 nomine
755 2244 823 2300 tam
841 2254 1045 2313 eonsensum,
1068 2253 1165 2318 quam
1217 2255 1285 2300 non
1308 2238 1428 2299 tenent.

189 2339 300 2387 morse
329 2322 389 2386 rite
418 2321 615 2404 eompoaitos
642 2329 676 2385 et
704 2327 805 2387 totam
838 2319 1041 2405 disciplinam
1063 2319 1165 2404 signi·
1305 2319 1335 2384 i.
1364 2319 1409 2385 Et
1437 2318 1612 2401 eenfimati
1639 2322 1674 2388 in
1700 2321 1772 2403 tide.
1817 2319 1911 2385 Idam
1941 2319 2061 2404 absque
2089 2321 2199 2406 figura

191 2408 303 2475 tinans.
348 2405 484 2471 Itidem
514 2426 534 2469 a
563 2407 749 2473 onustantia
776 2415 810 2471 et
837 2405 1015 2472 stabilitate
1044 2402 1166 2483 laudat,
1217 2407 1336 2490 repetit
1365 2404 1450 2489 quod
1476 2427 1535 2491 per
1557 2408 1787 2473 translationes
1809 2406 1955 2472 dixerat:
1986 2426 2105 2489 nempe
2128 2406 2200 2472 viae

190 2493 381 2577 signifioans
408 2493 536 2556 inanem
566 2512 637 2558 esse
661 2491 737 2558 fidei
764 2491 926 2572 umbram,
954 2491 1009 2557 nbi
1039 2492 1166 2557 animus
1219 2490 1516 2576 prosequutionem,
1535 2492 1654 2561 radiois
1668 2500 1703 2558 et
1717 2489 1923 2558 fundamenti
1941 2490 2108 2571 tulturam,
2127 2511 2200 2558 esse

191 2590 288 2645 nutat
309 2587 343 2643 et
364 2576 506 2643 alternat
528 2577 614 2642 inter
635 2579 743 2644 varias
764 2577 943 2660 opiniones.
1218 2575 1454 2643 firmitudinem
1477 2587 1509 2641 et
1531 2578 1748 2644 oonstantiam
1769 2577 1855 2644 fidei.
1896 2575 1941 2642 Et
1961 2577 2099 2661 maereo,
2121 2577 2201 2659 quia

1214 2663 1313 2745 probe
1333 2662 1428 2728 edooti
1448 2661 1577 2747 fuerim,
1599 2663 1653 2730 boe
1674 2663 1741 2730 illie
1762 2667 1980 2748 arpomesrom
1995 2662 2144 2746 proponi,
2166 2666 2202 2727 ut

279 2750 310 2815 6.
353 2748 614 2829 Qudnodmednm
652 2748 752 2832 ipitrsr
789 2749 969 2830 moepiatis
1009 2746 1169 2816 Cbrisdm
1220 2753 1284 2815 tuto
1306 2767 1469 2830 secureque
1490 2748 1527 2812 iet
1544 2749 1607 2830 ride
1627 2749 1691 2817 sibi
1711 2752 1867 2831 eompnto
1885 2748 2024 2833 pradum
2043 2749 2155 2832 fiportt.

194 2833 305 2902 Iesum
325 2832 509 2918 Deroistom,
538 2835 574 2900 irs
602 2835 672 2917 ipso
697 2833 866 2901 ambulate:
910 2835 941 2899 i.
967 2834 1106 2901 redienti
1134 2835 1170 2900 irs
1309 2832 1523 2901 Abortdorttes.
1573 2834 1647 2902 Non
1675 2834 1746 2900 vult
1777 2855 1831 2901 sos
1860 2839 1991 2900 tantum
2020 2842 2109 2901 stare
2138 2835 2201 2898 im-

194 2922 276 3003 ipee,
297 2925 325 2987 et
346 2921 511 3004 aedificati,
533 2926 561 2985 et
580 2920 757 3002 confirmati
772 2920 891 3001 infide,
912 2920 1170 3002 quemadmodum
1223 2920 1373 3002 mobiles,
1407 2918 1464 2985 sed
1499 2920 1604 3004 magis
1636 2925 1673 2986 in
1706 2919 1775 2987 dies
1809 2942 1847 2987 ae
1880 2919 1984 3003 magis
2016 2939 2202 3003 augeseers.

193 3006 293 3073 edocti
313 3007 397 3090 ertia,
419 3007 613 3072 obdodootea
634 3007 670 3071 ira
692 3026 730 3071 eo
751 3025 822 3072 eum
841 3007 1022 3089 pretiorum
1042 3007 1169 3073 notione.
1223 3008 1335 3091 Quum
1358 3005 1449 3072 addit
1470 3025 1555 3071 oum
1578 3007 1801 3091 gratiarum
1823 3004 1996 3087 notione,
2020 3005 2094 3070 vult
2114 3025 2202 3071 sem·

1223 3115 1282 3179 por
1315 3113 1385 3158 esse
1418 3111 1578 3157 memores
1611 3091 1698 3158 unde
1728 3092 1810 3158 fidos
1838 3092 1908 3173 ipsa
1939 3090 2126 3173 proveniat:
2160 3111 2205 3155 ne

283 3178 312 3243 6.
334 3177 606 3260 Qumodmodurtt.
640 3176 748 3243 Laudi
766 3176 884 3243 attexit
899 3177 1170 3255 exhortationem,
1224 3179 1404 3246 efferantur
1437 3177 1634 3261 arrogantia,
1667 3176 1723 3244 sed
1757 3176 1865 3262 potius
1897 3195 1972 3243 oum
2004 3175 2122 3241 timore
2150 3195 2205 3241 au·

196 3264 232 3329 in
264 3283 328 3348 qua
361 3263 466 3343 deest,
499 3262 583 3328 nihil
614 3261 680 3329 illis
713 3263 919 3347 profuturum
951 3262 1037 3346 qnod
1071 3262 1172 3328 semel
1224 3265 1393 3349 quieseant
1420 3262 1455 3327 in
1477 3263 1540 3328 Dei
1570 3260 1663 3329 dono.
1706 3262 1753 3329 ltt
1780 3269 1869 3330 uerte
1897 3258 2100 3345 ingratitudo
2130 3281 2203 3327 aaa·

198 3350 366 3417 Christum
384 3350 576 3433 reesparint,
598 3348 660 3414 nisi
675 3347 798 3432 inipso
813 3359 1034 3431 permaneant.
1067 3348 1172 3415 Porro
1225 3349 1358 3436 pissime
1397 3367 1495 3414 eausa
1528 3359 1588 3428 est,
1627 3369 1686 3415 eur
1721 3369 1780 3415 nos
1810 3356 1877 3413 tam
1917 3345 1990 3412 luoe
2027 3345 2204 3432 evangelii,

197 3436 275 3586 sfqrrlila
301 3434 569 3586 Χιουάοὲροιιοιι
601 3433 726 3585 Chrlilati
758 3455 885 3584 nomen¹
909 3432 1093 3584 obltendnnt
1131 3433 1172 3500 ad
1224 3455 1322 3519 quam
1345 3433 1417 3503 eliis
1439 3431 1503 3500 Dei
1525 3433 1641 3552 gratiis
1661 3433 1839 3520 privemur.

199 3778 363 3854 sdmonet,
382 3775 430 3842 ita
446 3783 637 3842 mnstauter
652 3775 897 3843 adhaerendum
913 3796 984 3844 sose
999 3774 1175 3857 doetrinae,
1226 3776 1394 3845 ιωιιιιάιιιιι
1414 3776 1561 3845 elemento
1581 3777 1702 3858 moedi,
1722 3781 1751 3844 et
1767 3796 1828 3842 ιιοιι
1844 3773 2015 3842 murdim
2031 3771 2211 3841 Christum.-

200 3883 301 3947 qnam
330 3860 371 3928 ab
393 3859 550 3945 Epaphru
578 3861 733 3927 traditam
756 3859 900 3945 amplexi
922 3872 1027 3944 erant,
1057 3871 1092 3929 ut
1114 3862 1176 3930 sibi
1227 3863 1259 3931 9.
1284 3862 1433 3946 quesierit
1461 3862 1498 3927 itt
1524 3862 1595 3945 ipso
1623 3861 1743 3930 dubitet
1768 3861 1871 3929 omnio
1892 3858 2053 3944 plenitudo
2080 3859 2209 3927 deitatis

200 3949 244 4015 sb
280 3946 346 4014 alia
379 3945 494 4032 quavis
526 3944 674 4014 doenina
705 3953 740 4012 at
770 3945 835 4013 fido
865 3957 1014 4015 reveunt.
1069 3946 1177 4016 Sionti
1227 3949 1441 4032 corporaliter,
1493 3946 1543 4014 10.
1572 3952 1602 4014 et
1631 3949 1707 4016 estis
1737 3947 1774 4015 ιιι
1801 3948 1872 4030 ipso
1898 3944 2048 4029 eompleti,
2081 3945 2137 4029 qui
2164 3949 2211 4012 est

201 4033 330 4101 dioabat
351 4030 474 4100 Iesaias
495 4030 563 4117 (30,
583 4031 651 4116 21),
678 4031 772 4099 Hasd
791 4039 842 4098 est
862 4034 926 4117 riu,
954 4032 1120 4100 ambulate
1140 4034 1177 4099 in
1227 4039 1322 4118 oopret
1341 4032 1660 4118 anteprincipantur
1675 4032 1888 4117 ripeta-dotis,
1922 4030 1974 4097 11.
1988 4031 2099 4114 laquo
2113 4030 2211 4097 etiosa

199 4118 282 4205 ea.¹)
318 4119 363 4185 lte
384 4138 464 4185 sane
484 4119 532 4185 ita
552 4117 717 4204 agendum
737 4125 790 4186 est
806 4122 845 4183 ut
861 4119 985 4186 veritas
1002 4116 1177 4205 evangelii,
1228 4119 1303 4186 estis
1322 4119 1500 4186 orreumriei
1518 4118 1753 4189 monadem
1769 4137 1833 4185 nos
1851 4115 2045 4200 maforte,
2066 4117 2208 4185 morde

200 4215 377 4291 postquam
399 4202 493 4271 nobis
514 4211 564 4272 est
586 4205 757 4290 potataota,
786 4203 878 4270 nobis
899 4205 943 4271 sit
963 4224 1079 4271 murus
1099 4203 1177 4271 ahe-
1227 4203 2061 4290 eorpaopeaoutorismournia,eireumoitiene,ispaurt,
2075 4199 2208 4286 Christi,

203 4308 286 4357 neus
324 4289 366 4356 ad
407 4311 442 4357 re
495 4288 609 4357 lendes
644 4308 759 4357 omnes
794 4289 1000 4374 imposturas
1057 4289 1178 4358 Tribus
1232 4290 1284 4357 12.
1304 4288 1473 4373 mepalti
1500 4310 1571 4358 οιιιιι
1599 4291 1671 4374 iprae
1704 4311 1767 4374 per
1795 4290 1999 4371 bnptbmsos:
2027 4288 2062 4353 ire
2090 4305 2152 4370 que
2178 4292 2210 4354 et

201 4376 538 4529 ttffltttl·
558 4374 922 4529 ‘teltttttttl
938 4375 1179 4530 {timidi
1229 4375 1556 4530 mitt?
1573 4375 1668 4460 ’Μ
1687 4375 1846 4460 “⁸⁶⁰⁶“
1866 4373 1939 4455 Μ’
1969 4372 2026 4456 ⁹⁴⁴
2045 4373 2211 4440 mm

201 4546 384 4630 Comparat
404 4546 492 4614 enim
512 4567 630 4633 puram
652 4545 815 4632 evangelii
835 4544 1026 4629 doetrinam,
1048 4557 1085 4615 ut
1105 4567 1179 4615 eam

203 4630 398 4712 dididerunt,
413 4634 487 4699 vias
500 4641 624 4700 nortae:
644 4653 743 4718 quam
757 4631 812 4718 qu‘
851 4633 903 4699 nis
917 4632 1068 4716 oennarit,
1086 4641 1180 4699 extre
1318 4632 1349 4700 8.
1378 4631 1485 4701 Videte
1516 4652 1555 4701 rte
1586 4632 1667 4716 quie.
1718 4631 1844 4699 Iterum
1876 4628 1932 4697 oni
1965 4648 2090 4696 veneno
2122 4631 2211 4697 anti·

203 4718 327 4787 enoris
359 4717 538 4802 perieulum
571 4718 704 4786 tuturos
735 4652 1000 4786 arembertum
1031 4738 1120 4805 argo,
1151 4718 1180 4786 si
1232 4716 1348 4786 dotum
1377 4737 1453 4786 ase
1474 4715 1587 4785 datam
1607 4718 1729 4803 opponi
1751 4716 1875 4797 debeat,
1903 4711 2066 4782 admonet.
2111 4715 2214 4816 Ψω-

202 4823 271 4871 non
294 4802 398 4871 velint
426 4804 586 4884 aberrare,
615 4811 653 4870 ut
672 4824 716 4871 ne
740 4825 762 4871 a
789 4824 897 4885 eumn,
923 4824 1020 4889 quem
1041 4804 1182 4890 ingressi
1233 4804 1295 4872 etsi
1317 4803 1405 4870 enim
1427 4823 1600 4871 sommuue
1621 4813 1672 4870 est
1692 4801 1775 4869 illud
1792 4799 1950 4868 advorsus
1963 4818 2079 4867 omnes
2092 4798 2214 4869 diaboli

199 4898 294 4970 sunt,
316 4889 499 4956 dsssootant.
543 4887 695 4957 Βοιιιιιιιιι
715 4898 849 4974 sumpta
868 4896 919 4958 est
941 4891 981 4957 ab
1002 4890 1181 4958 arboribus.
1233 4891 1434 4976 imposturas
1464 4888 1655 4974 remedium,
1685 4899 1722 4954 ut
1743 4886 1907 4954 diximus:
1935 4885 2078 4954 habebat
2099 4893 2215 4954 tamen

205 4973 312 5043 Sionti
344 4975 431 5043 euim
465 4975 560 5041 arbor
599 4974 763 5043 rsdioibus
795 4975 953 5060 profunde
986 4976 1067 5043 aetio
1103 4976 1183 5043 satis
1234 4975 1430 5061 peoulisrem
1464 4984 1544 5043 tuna
1571 4993 1670 5040 usum
1704 4974 1794 5040 inter
1821 4972 2043 5051 Colossenses,
2077 4970 2130 5040 aui
2158 4994 2217 5041 ae·

205 5060 306 5127 habet
333 5060 476 5127 fulturae
503 5059 544 5126 ad
573 5060 782 5128 sustinendos
810 5080 924 5129 omnes
946 5070 1120 5130 ventorum
1149 5068 1184 5128 et
1234 5059 1435 5130 sommodari
1465 5058 1612 5127 debebat.
1662 5057 1792 5139 Videte,
1812 5058 1941 5143 inquit,
1973 5076 2017 5123 ne
2049 5056 2121 5143 quis
2153 5079 2214 5128 vos

205 5145 424 5233 pruoellsrum
446 5147 608 5229 impetus:
631 5145 679 5213 ita
699 5147 727 5215 si
750 5147 823 5232 quis
844 5148 879 5213 in
902 5145 1037 5215 Christo
1060 5147 1125 5215 alte
1145 5167 1184 5214 ae
1236 5147 1419 5232 praedetur.
1454 5144 1566 5212 Verbo
1588 5145 1694 5211 utitur
1714 5143 1890 5212 admodum
1907 5142 2051 5229 proprio.
2083 5142 2216 5211 Alludit

304 5279 334 5287 -
1236 5233 1324 5300 enim
1355 5231 1397 5299 sd
1419 5229 1609 5317 praedones,
1638 5230 1695 5316 qni
1716 5230 1796 5298 dum
1818 5229 1980 5297 violenter
2001 5248 2116 5381 rapere
2138 5249 2217 5316 gra·

1237 5339 1312 5404 gem
1335 5327 1513 5405 nequeunt,
1543 5314 1659 5386 frauda
1680 5317 1818 5405 abigunt
1839 5315 1991 5402 peondas
2054 5323 2088 5383 ta
2110 5315 2215 5383 eoele-
2328 5298 2335 5399 i

1977 5430 2015 5499 ι’.
