4740 6016
225 399 290 490 ias
939 420 1081 488 nrrsr.
1104 421 1248 489 raum
1268 421 1334 488 nn
1356 421 1511 490 nmen.
2159 422 2224 488 sae

223 616 306 685 haee
327 615 470 683 Satanae
492 615 617 681 astutia
639 619 699 692 est,
721 613 870 697 improba
891 614 1007 680 talium
1030 615 1199 682 hominurn
1252 616 1347 682 aliter
1369 616 1551 683 diseornere
1574 615 1682 682 licebit
1703 616 1853 700 quisnam
1875 617 1918 683 sit
1938 615 2134 702 baeretious,
2163 637 2225 686 neo

223 702 421 790 loquaoitate
442 699 610 785 implirare
632 699 733 766 bonos
755 720 793 767 ao
813 699 895 766 fidos
912 705 1069 784 pastores,
1091 712 1128 766 nt
1146 722 1200 768 eos
1251 702 1384 768 roiioere
1412 702 1461 769 ias
1490 709 1577 768 esset
1606 703 1669 768 nisi
1697 722 1794 786 quem
1821 702 1913 788 prius
1940 703 2049 769 eonati
2078 723 2226 771 essemus

223 810 244 856 a
276 786 415 856 dooendi
447 786 553 854 studio
587 785 737 852 abduoat.
791 785 984 853 Cavendum
1016 787 1126 870 itaque
1158 808 1200 853 ne
1251 788 1293 853 ad
1322 807 1436 854 sanam
1463 797 1607 853 mentem
1629 788 1794 855 redueero.
1838 786 2105 855 Admonitionem
2126 808 2225 874 porro

223 874 354 940 rixosae
395 893 454 940 noa
491 872 730 955 disputationes
766 879 942 956 oooupeut:
983 873 1059 956 quia
1094 892 1199 956 neque
1250 872 1406 957 intelligit
1434 895 1501 940 uon
1530 873 1716 958 quamlibet,
1749 874 1804 940 vel
1832 872 1975 940 bominis
2002 874 2134 958 privati,
2167 874 2224 942 sod

222 961 348 1026 interea
370 957 507 1037 sanabit,
536 977 669 1041 operam
699 964 844 1023 nostram
866 954 1003 1024 Domini
1023 958 1116 1043 gregi
1137 959 1198 1024 im·
1250 979 1334 1042 quae
1362 960 1400 1024 iit
1432 979 1453 1026 a
1484 959 1648 1040 ministro,
1686 960 1817 1043 publiea
1849 959 2004 1028 soelssiae
2037 962 2223 1028 autoritate.

221 1045 373 1130 pendere,
405 1051 440 1111 et
471 1042 662 1111 eontentiosi
694 1043 845 1110 homines
873 1064 1042 1127 nunquam
1070 1043 1198 1109 molesti
1250 1044 1392 1112 Perinde
1420 1045 1508 1110 onim
1531 1046 1641 1111 valent
1671 1047 1741 1111 sius
1763 1044 1862 1111 rerba
1879 1065 1917 1112 ao
1938 1045 1967 1112 si
1990 1045 2120 1125 diuersi,
2151 1066 2225 1130 gra·

221 1129 317 1198 nobis
334 1150 405 1197 esse
424 1129 584 1195 desinont.
622 1127 718 1210 Quod
734 1148 812 1212 ergo
829 1129 925 1195 vitari
940 1129 1042 1216 iubet,
1105 1128 1197 1195 rinde
1250 1132 1335 1197 viter
1363 1130 1456 1214 quasi
1486 1131 1632 1197 oeusoria
1661 1131 1860 1198 oorreetions
1888 1130 2115 1215 reprimendos
2142 1153 2223 1198 esso.

220 1215 311 1283 valet
331 1236 370 1282 ao
389 1217 418 1282 si
439 1224 585 1300 negaret,
612 1232 811 1298 magnopere
833 1235 903 1281 osse
924 1215 1058 1281 laboran
1081 1235 1138 1280 um
1160 1222 1198 1280 ut
1250 1216 1316 1297 Qui
1338 1224 1449 1281 antem
1466 1216 1623 1301 eolligunt
1640 1237 1682 1283 ex
1701 1216 1762 1283 boo
1779 1216 1859 1295 loeo,
1881 1217 1951 1283 sola
1964 1217 2224 1285 exeommunioa

219 1301 287 1369 illis
319 1301 475 1369 satisfiat:
507 1303 574 1366 imo
605 1299 690 1365 nibil
719 1320 790 1366 esse
817 1300 935 1368 melius
964 1320 1061 1383 quam
1091 1299 1196 1384 digla-
1249 1303 1338 1368 tione
1353 1303 1603 1384 oompesoendos
1617 1323 1687 1369 esse
1698 1322 1872 1386 pravorum
1885 1302 2073 1387 dogmatum
2085 1313 2225 1381 autores,

221 1386 332 1454 diandi
361 1405 487 1470 ansam,
515 1406 613 1470 quam
634 1395 777 1468 oaptant,
804 1384 871 1453 illis
893 1385 1045 1470 praeeidi.
1088 1385 1197 1450 Valde
1248 1408 1309 1455 neo
1335 1407 1405 1454 esse
1434 1388 1522 1453 ultra
1542 1389 1577 1454 in
1599 1407 1655 1454 eos
1676 1388 1905 1455 saeviendum:
1935 1389 2102 1454 nonsatis
2124 1408 2225 1473 appo·

219 1473 404 1541 neeessaria
432 1471 618 1540 admonitio.
662 1470 748 1537 Nam
779 1483 813 1537 et
837 1473 894 1555 qui
914 1471 1056 1539 libenter
1076 1469 1196 1554 alioqui
1247 1473 1310 1539 site
1332 1474 1578 1540 ratiocinantur.
1614 1473 1711 1540 Aliae
1733 1475 1822 1539 enim
1844 1474 1983 1558 episeopi
2014 1473 2098 1540 aliae
2118 1474 2223 1560 magi·

220 1559 397 1712 tiltll
421 1554 1196 1728 {stillafbtlll‘tlell‘tdizit
1248 1565 1381 1712 altit
1407 1559 1951 1730 tlltlltglltll‘lzt‘
1964 1522 2222 1730 ,libelli

220 1731 360 1798 videtur.
409 1730 548 1796 Irritant
574 1738 746 1814 praeterea
773 1730 925 1812 quamvis
953 1729 1117 1812 paoidum
1145 1728 1196 1792 iu·
1248 1731 1429 1797 eonveuiat.
1512 1751 1686 1815 numquam
1715 1694 1894 1797 moderdtio
1921 1751 2052 1815 semper
2081 1731 2221 1814 optima:

219 1816 354 1902 genium
381 1817 504 1883 ierooes
532 1815 677 1881 hostium
706 1815 898 1882 instantiae:
927 1814 1004 1898 quia
1024 1813 1195 1880 ferendum
1247 1836 1291 1882 ne
1313 1826 1380 1882 tam
1401 1817 1434 1882 vi
1457 1827 1490 1882 st
1507 1827 1633 1883 armata
1651 1837 1750 1882 manu
1767 1827 1988 1897 ooeroeantur‚
2009 1836 2107 1900 quam
2124 1816 2223 1882 eorri·

219 1924 287 1970 nou
310 1901 441 1970 videtur
469 1910 508 1967 ut
534 1901 669 1984 impune
692 1901 821 1966 veritati
855 1901 906 1987 (ut
933 1899 1070 1985 laniunt)
1091 1898 1195 1965 insul·
1248 1910 1370 1987 gantur
1391 1900 1563 1986 diseiplina
1582 1901 1748 1981 molesios,
1770 1903 1798 1969 si
1816 1901 1948 1986 quidem
1966 1903 2034 1969 sint
2050 1902 2223 1968 sanabiles

219 1997 301 2054 teut.
343 1987 413 2055 Neo
441 1987 560 2053 desunt
586 1987 713 2052 interea
741 1986 890 2053 homines
913 1993 969 2052 aut
989 1985 1109 2070 eupidi,
1138 1993 1196 2051 aot
1334 1987 1385 2056 11.
1409 1987 1517 2055 seeo
1543 1988 1627 2072 quod
1651 2007 1775 2054 ιιινιιιι
1794 1988 1846 2055 ait.
1891 1989 2055 2054 Eversum
2076 1988 2225 2053 nominat

218 2075 358 2141 nimium
379 2073 507 2152 fervidi,
529 2072 584 2156 qui
606 2070 647 2137 ad
669 2072 854 2139 eoufliotum
869 2072 1056 2139 sollieitent.
1091 2072 1195 2153 Atqui
1248 2074 1283 2140 iu
1305 2094 1370 2158 quo
1393 2074 1483 2141 nulla
1503 2075 1749 2159 resipiscentiae
1770 2094 1845 2159 spes
1862 2082 1929 2140 est:
1951 2074 2030 2157 quia
2046 2072 2076 2138 si
2094 2075 2224 2140 restitui

218 2159 344 2228 Paulus
376 2178 442 2224 non
472 2158 556 2237 vult,
588 2157 730 2224 multum
763 2178 802 2224 ao
831 2157 888 2224 diu
918 2176 993 2224 oum
1021 2156 1195 2224 haeretieis
1248 2170 1360 2244 posset
1395 2159 1555 2243 quispiam
1591 2168 1702 2227 nostro
1738 2159 1860 2241 labore,
1897 2179 2104 2310 nequaquam
2137 2168 2225 2226 esset

218 2244 414 2329 disputando
442 2242 569 2312 Christi
600 2264 734 2311 servum
755 2244 918 2329 oeoopari.
962 2242 1059 2310 Nune
1080 2242 1193 2310 viden·
1248 2244 1457 2312 omittendus.
1511 2245 1706 2328 Metaphora
1741 2255 1873 2329 sumpto
1909 2254 1959 2311 est
1991 2266 2010 2311 a
2064 2244 2223 2329 aedifieio,

219 2331 297 2398 dum
329 2330 408 2415 quid
440 2351 500 2416 per
527 2330 685 2397 haeretiei
713 2349 834 2395 nomen
862 2329 1034 2416 intelligat
1085 2327 1194 2411 Vulgo
1249 2330 1335 2415 quod
1358 2349 1425 2396 non
1448 2330 1543 2397 modo
1564 2332 1673 2416 aliqua
1693 2333 1745 2397 aui
1767 2341 1859 2415 parte
1880 2331 2061 2413 eollapsum
2084 2336 2144 2410 est,
2166 2332 2223 2398 sed

217 2417 297 2482 trita
313 2422 364 2483 est
381 2414 546 2483 distinotio
560 2417 647 2482 inter
662 2417 863 2482 haeretieum
878 2436 917 2482 eo
930 2414 1192 2482 uobismetieum:
1248 2416 1397 2482 funditus
1430 2417 1584 2496 dirutum,
1617 2427 1655 2483 ut
1686 2417 1917 2483 instaurationi
1948 2436 2015 2482 non
2048 2416 2092 2482 sit
2122 2416 2224 2485 loous.

218 2522 301 2587 quae
333 2506 445 2569 tamen
477 2501 533 2570 bio
565 2521 586 2568 a
616 2501 720 2569 Panlo
753 2500 802 2588 (ni
834 2501 943 2587 fallor)
977 2497 1194 2566 ooniunditur.
1247 2502 1358 2569 Huius
1377 2504 1556 2570 eversionis
1572 2503 1704 2587 signum
1722 2501 1822 2582 addit,
1843 2503 1965 2569 malam
1980 2503 2222 2582 oonsoientiam,

217 2587 332 2672 Neque
353 2588 443 2653 euim
471 2594 600 2654 tantum
623 2609 678 2654 eos
700 2584 861 2671 designat,
883 2592 940 2671 qui
960 2597 1085 2653 eertum
1108 2605 1195 2650 erro·
1247 2587 1447 2672 qnamdioit,
1469 2588 1561 2669 tales,
1579 2590 1636 2672 qui
1653 2589 1888 2656 monitionibus
1905 2608 1972 2654 non
1990 2589 2222 2670 obtemperant,

218 2694 289 2740 rem
319 2683 377 2740 aut
405 2693 595 2756 perversum
617 2671 750 2756 aliquod
771 2674 890 2758 dogma
912 2674 1023 2739 levent
1044 2691 1082 2737 ao
1104 2680 1196 2736 tuen·
1247 2694 1316 2758 por
1343 2693 1384 2741 se
1412 2693 1483 2739 esse
1510 2674 1720 2740 damnatos.
1763 2674 1850 2740 Nam
1878 2694 1980 2758 quum
2009 2674 2222 2758 pervieeoiter

218 2769 289 2824 tur:
318 2759 376 2826 sed
404 2759 440 2824 iu
468 2759 661 2827 universum
689 2760 875 2842 quieunque
903 2778 1002 2825 sanae
1028 2755 1195 2824 doetrinae
1247 2765 1405 2841 respuant
1419 2760 1603 2842 veritatem,
1625 2769 1751 2825 eertum
1773 2765 1824 2826 est
1843 2768 1958 2844 sponte
1978 2769 2011 2825 et
2033 2759 2110 2824 data
2124 2780 2225 2842 opera

218 2866 283 2911 nou
309 2845 529 2929 aoquissouut,
551 2865 645 2929 quam
669 2865 774 2929 nuper
795 2845 972 2929 proposuit.
1016 2842 1069 2908 Ita
1091 2841 1194 2907 ambi·
1248 2862 1395 2928 peooare:
1426 2844 1516 2911 nullo
1543 2844 1654 2929 itaque
1681 2847 1826 2928 proieotu
1849 2853 2070 2912 monerentur.
2116 2843 2224 2913 Simul

218 2932 318 2998 tiosos
340 2950 464 3014 omnes,
493 2932 699 3014 praebentes,
727 2932 953 3010 eontentiosos,
982 2929 1038 3012 qui
1060 2926 1195 2992 libidine
1247 2939 1357 2995 autem
1378 2929 1562 3015 oolligimus
1590 2952 1633 2997 ex
1655 2929 1752 2995 Pauli
1774 2931 1893 3010 verbis,
1922 2952 1989 2996 uon
2011 2951 2083 2997 esse
2109 2951 2223 3015 quem·

218 3017 350 3101 impulsi
382 3016 518 3082 turbant
549 3016 704 3085 eoelesiae
730 3036 845 3102 paoem
879 3035 917 3082 ao
946 3012 1080 3080 dissidia
1116 3031 1194 3078 oou-
1270 3036 1345 3081 uam
1363 3022 1485 3081 ιιιιιιιι
1502 3029 1557 3082 aut
1576 3015 1829 3101 praeeipitauter
1846 3037 1906 3101 pro
1920 3016 2085 3083 baeretioo
2101 3017 2223 3084 haben·

218 3102 330 3182 eitant‚
352 3101 415 3170 boe
436 3103 568 3168 nomine
589 3102 844 3187 oomprebeudit.
882 3100 923 3167 In
944 3118 1081 3177 summa,
1104 3099 1194 3182 quis·
1246 3035 1332 3167 dum.
1372 3099 1462 3166 Dieit
1483 3103 1588 3167 enim:
1610 3100 1728 3170 Seiana
1749 3100 1833 3185 quod
1851 3123 1985 3169 eversus
2002 3103 2056 3168 sit.
2094 3103 2221 3170 Caveat

219 3190 293 3275 quis
322 3210 381 3255 sua
410 3190 578 3272 protervia
604 3189 765 3255 unitatem
787 3186 940 3253 soelssiae
961 3184 1136 3267 abrumpit,
1164 3185 1194 3252 is
1245 3206 1324 3272 ergo
1345 3187 1515 3271 episeopus
1536 3209 1578 3254 ne
1599 3189 1781 3257 morositati
1804 3207 1883 3254 suae
1910 3187 2085 3272 indulgens
2107 3188 2219 3255 durim

217 3274 403 3342 baeretious
435 3283 568 3343 voratur
600 3295 621 3339 a
653 3273 767 3340 Paulo.
821 3271 890 3340 Sed
924 3270 1103 3338 moderatio
1136 3270 1193 3335 ad·
1246 3279 1374 3354 traetet,
1406 3280 1562 3357 tauquam
1595 3272 1806 3356 haeretieum,
1838 3293 1934 3357 quem
1967 3274 2115 3339 noudum
2148 3293 2220 3340 ease

219 3360 362 3427 hibenda
393 3370 458 3440 est,
493 3382 536 3427 ne
569 3359 716 3444 quisquis
748 3359 931 3426 sententiae
963 3364 1094 3423 nostrae
1126 3377 1193 3422 non
1246 3358 1349 3424 novit.

218 3446 402 3546 subsoribit,
426 3466 501 3512 eum
520 3448 669 3545 protinus
685 3443 1069 3546 faoiarnnushaeretioum.
1106 3439 1195 3509 Sunt
1264 3442 1383 3544 ...²3·
1411 3441 1529 3546 Ζιιιιιιι
1555 3444 1774 3531 legisperitrem.
1824 3445 1991 3546 inuentum
2020 3453 2070 3545 est
2097 3443 2222 3514 iurisue

217 3531 507 3700 attollite
532 3531 723 3685 ltmllll
750 3531 1195 3684 :lllltltlttl'st
1244 3528 2222 3698 llll,lttlttltllttlltllnltltssttll

217 3704 306 3771 enim
331 3704 404 3770 fieri
426 3703 504 3770 alibi
525 3702 685 3789 praeeipit
706 3701 793 3768 idem
815 3700 951 3778 Paulus,
980 3718 1082 3782 quum
1103 3697 1195 3765 iubet
1245 3701 1347 3766 inisse
1367 3711 1400 3766 et
1421 3701 1547 3769 alienae
1562 3703 1631 3785 opis
1646 3703 1811 3788 indigum:
1834 3701 2032 3785 probabilius
2046 3707 2099 3768 est
2111 3703 2222 3786 ipsum

216 3786 759 3961 titillatattila
784 3783 1193 3956 lilllvltlllllal
1245 3785 2222 3958 titillolittitili,atltttlttltlblttt

354 3924 362 3941 .
454 3923 462 3941 .
508 3927 516 3958 ,
583 3924 590 3941 .
1973 3922 1981 3941 .

217 3962 304 4028 oedit
336 3962 529 4046 pervioaoia,
557 3970 594 4028 ut
614 3961 775 4045 quispiam
798 3959 859 4024 sibi
881 3956 1031 4024 addietus
1054 3955 1106 4021 vel
1129 3955 1193 4021 dis·
1245 3957 1452 4039 lrequentius
1473 3959 1597 4025 esurire
1618 3959 1736 4040 solent,
1758 3980 1856 4043 quam
1873 3964 1928 4043 qui
1946 3960 2092 4026 forenses
2106 3979 2220 4026 oausas

218 4047 398 4114 sessionem
427 4049 524 4114 iooiot
552 4069 572 4114 a
599 4067 744 4132 eorpore,
778 4045 830 4112 vel
860 4064 881 4109 a
908 4061 1009 4126 grege
1037 4040 1195 4124 quosdam
1246 4062 1306 4108 sno
1333 4042 1467 4109 oonsilio
1496 4044 1691 4128 gubernant.
1739 4045 1847 4112 Zenae
1876 4054 2054 4130 egestatem
2079 4044 2147 4110 dixi
2176 4066 2220 4110 ex

218 4132 418 4212 substrahat,
449 4134 502 4199 vel
535 4133 692 4217 impediat
719 4152 817 4197 sanae
846 4127 1013 4197 doetrinae
1042 4146 1193 4193 aureum:
1245 4126 1341 4193 Pauli
1361 4129 1471 4194 verbis
1492 4130 1601 4215 eolligi
1623 4149 1734 4214 posse:
1756 4132 1832 4216 quia
1854 4130 2012 4197 deduoere
2030 4131 2085 4197 hio
2102 4130 2220 4197 vindos

219 4217 274 4285 hio
294 4226 427 4285 strenue
448 4219 648 4286 obviandum
666 4226 726 4284 est.
762 4217 803 4282 In
822 4234 959 4290 summa,
980 4212 1125 4278 haeresis
1139 4211 1195 4279 vel
1245 4215 1398 4364 ffosequi
1412 4214 1589 4299 signifieat:
1605 4215 1875 4299 quemadmodum
1887 4226 2095 4282 exoontextu
2107 4216 2219 4300 liquet

220 4314 319 4383 aeota,
348 4315 380 4370 st
409 4305 563 4372 soelssiae
585 4305 703 4388 unitas,
732 4324 785 4369 res
806 4313 885 4369 sunt
905 4301 992 4365 iuter
1012 4318 1048 4365 ee
1070 4299 1195 4382 opposi-
1279 4319 1296 4364 e
1326 4301 1413 4364 euim
1443 4311 1577 4383 sumptu
1606 4304 1736 4386 gruum
1765 4323 1801 4369 se
1829 4316 2008 4387 querantur
2034 4301 2218 4380 Cretenses,

219 4398 285 4456 tae.
327 4390 440 4472 Quom
461 4389 543 4458 haee
565 4389 637 4456 Deo
658 4389 800 4474 pretiosa
820 4389 872 4463 sit,
899 4391 932 4450 et
953 4383 1046 4450 nobis
1067 4404 1195 4450 summo
1246 4383 1363 4469 quibua
1384 4383 1419 4449 id
1441 4387 1549 4451 oneris
1570 4387 1721 4471 iniungit,
1743 4388 1897 4454 admonet
1918 4406 1986 4452 uon
2008 4385 2126 4453 debere
2148 4407 2220 4453 esse

219 4477 256 4542 in
289 4477 396 4560 pretio
427 4497 498 4544 esse
531 4476 655 4552 debeat,
688 4475 778 4541 illam
807 4490 1014 4554 summopere
1042 4467 1195 4536 detestari
1245 4470 1481 4536 inirnetuosos:
1504 4470 1640 4555 ideoque
1661 4473 1826 4557 urgendos
1847 4493 1917 4539 esse
1938 4483 1977 4538 ut
1998 4471 2093 4538 bonis
2113 4472 2220 4556 operi·

219 4563 386 4629 eonvenit.
421 4562 534 4644 Quare
551 4572 657 4628 seetao
672 4561 725 4630 vel
743 4561 914 4626 haereseos
931 4576 1061 4638 nomen,
1084 4575 1194 4639 quam·
1246 4556 1308 4622 bus
1335 4555 1402 4623 sint
1431 4556 1561 4623 intenti.
1605 4557 1730 4623 Verum
1760 4559 1800 4624 de
1830 4558 1891 4625 hae
1913 4557 2103 4641 loquutione
2124 4558 2220 4643 prius

219 4649 271 4717 ris
292 4647 382 4716 iuter
403 4647 613 4733 philosophos
631 4655 665 4713 et
681 4646 830 4732 politieos
845 4643 994 4709 homines
1008 4642 1052 4707 sit
1066 4640 1195 4705 honori-
1246 4640 1370 4708 dietum
1391 4650 1451 4708 est.
1492 4640 1571 4709 Sive
1592 4663 1670 4726 ergo
1690 4643 1851 4710 sxoellere
1873 4643 1965 4710 bouis
1987 4644 2142 4729 operibus
2163 4663 2220 4710 eos

219 4735 328 4815 iioum,
357 4734 474 4800 mento
503 4735 624 4801 iuiame
652 4744 700 4800 est
721 4733 810 4797 iuter
832 4729 1045 4796 Christianos.
1088 4726 1195 4791 Tene·
1246 4724 1365 4809 iubeat,
1387 4729 1459 4795 sive
1481 4728 1681 4794 eminentem
1702 4729 1810 4796 loeum
1831 4728 1927 4795 dare:
1952 4731 2116 4813 signifieat
2138 4729 2221 4796 utile

218 4840 294 4889 mus
323 4842 412 4888 nune
440 4840 597 4904 quosnam
626 4818 791 4906 intelligat
812 4813 947 4897 Paulus,
976 4833 1076 4897 quum
1104 4810 1196 4877 iubet
1246 4810 1311 4878 illis
1333 4833 1413 4894 esse,
1435 4816 1581 4898 praeberi
1598 4812 1800 4882 exeroondae
1816 4813 2021 4882 liberalitatis
2038 4816 2221 4896 materiam,

218 4904 399 4974 baeretioos
430 4906 537 4972 omitti
570 4915 605 4971 et
632 4905 739 4972 vitari.
790 4901 860 4970 Sed
888 4898 1068 4966 notandum
1096 4896 1193 4965 simul
1246 4918 1288 4963 ue
1309 4898 1376 4963 sint
1397 4899 1590 4985 infrugiferi
1612 4899 1673 4967 boo
1694 4909 1868 4985 praetextu
1889 4902 1965 4985 quia
1984 4901 2068 4969 desit
2085 4901 2220 4983 oooosio,

219 5000 271 5058 est
311 4992 397 5076 quod
438 4993 592 5058 oontiuuo
628 5006 701 5074 post
736 4990 900 5073 sequitur:
935 5005 1066 5068 nempe,
1105 4992 1195 5068 post
1246 4980 1299 5048 vel
1328 4985 1503 5052 nenessitas
1532 5007 1596 5052 nou
1623 4986 1773 5070 postulet.
1818 4986 1910 5069 Quae
1931 4996 2123 5073 sequnntur,
2152 4988 2220 5053 iam

220 5096 334 5142 unam
361 5086 400 5144 et
426 5077 591 5144 alteram
619 5076 936 5142 admonitionem.
980 5069 1066 5135 Nam
1089 5089 1193 5152 noque
1244 5068 1279 5133 iu
1302 5068 1374 5136 aliis
1396 5072 1538 5154 epistolis
1558 5073 1691 5138 fueraut
1712 5073 1868 5157 exposita
