4740 6016
177 347 244 417 tta
710 346 855 417 melsa.
878 346 1022 415 PAULI
1044 348 1110 415 AD
1132 345 1608 417 uuussshomouttsue
1630 348 1666 416 11
2125 348 2198 417 ²00

179 554 258 614 atur
287 545 392 631 ligare
418 541 539 628 quibus
568 542 676 610 rhum
706 552 756 609 est
784 543 913 628 legibus
933 542 1160 621 eonsoientias,
1213 543 1245 608 di
1341 544 1399 608 tali
1428 542 1555 610 ultione
1577 552 1648 609 arat
1671 541 1844 609 hominum
1867 542 2080 626 ingratitudo.
2123 543 2194 613 Hio

180 641 216 700 at
243 629 387 698 aeternis
411 628 525 713 poenis
553 628 721 695 subiioere.
766 625 979 695 Sacramenta
1008 650 1066 712 pro
1088 628 1160 695 libi·
1213 628 1246 694 vi
1270 648 1325 693 era
1356 636 1408 693 est
1440 647 1540 712 qnam
1572 627 1725 695 obliviosi
1755 629 1822 695 sint
1858 626 2020 705 homines,
2055 629 2112 698 ubi
2146 628 2192 699 de

181 718 258 785 diua
280 735 341 784 sua
362 714 419 781 vel
441 733 528 781 nova
549 714 705 798 institnit,
729 713 781 780 val
802 735 886 797 qnae
908 735 928 780 a
951 713 1087 781 Christo
1110 715 1161 782 iu·
1213 722 1346 780 aeterna
1376 734 1490 780 eornm
1524 714 1631 781 salute
1667 714 1788 800 agitur.-
1840 711 2058 782 observanda
2089 714 2193 784 etiam

180 802 299 872 stituta
315 809 420 882 erant,
443 799 622 883 eorrumpit
639 809 673 865 st
690 798 796 880 vitiat
818 801 883 866 imo
898 801 1027 885 penitus
1044 800 1161 881 abolet,
1212 798 1309 866 Pauli
1331 799 1558 881 mansuetudo,
1590 800 1656 884 qui,
1686 821 1789 883 quum
1816 800 1925 867 aurius
1953 798 2194 870 axoandsaosrs

179 896 221 956 ut
239 888 277 954 in
299 906 415 954 eorum
437 885 543 954 ιίοοω
565 883 744 953 substituat
766 905 848 971 quae
866 886 963 952 finxit
978 886 1048 969 ipse
1062 887 1161 953 satri·
1212 898 1333 970 posset,
1361 895 1493 952 tantum
1521 885 1641 952 leniter
1661 907 1717 952 eos
1738 887 1892 969 uestigat:
1920 896 1971 952 est
1999 888 2089 953 euim
2111 886 2194 956 haee

177 973 285 1060 legia:
317 971 426 1040 media
447 969 695 1055 oonsequendaa
716 971 834 1038 salutis
856 971 964 1039 aliana
985 992 1119 1056 prorsus
1141 991 1161 1038 a
1213 982 1352 1056 paterna
1380 971 1599 1056 exprobratio,
1624 972 1708 1055 qaod
1739 970 1851 1038 obliuio
1878 972 1929 1038 rei
1953 976 2020 1038 urs
2039 972 2146 1040 amieo
2164 976 2196 1041 d

180 1058 332 1127 doetrina
367 1057 531 1145 evangelii
568 1056 844 1125 oomminisoiturr
881 1068 985 1124 totam
1021 1055 1162 1140 denique
1211 1057 1302 1124 stalis
1322 1055 1501 1139 obrepserit.

178 1144 375 1232 religionem
388 1163 450 1228 pro
470 1162 531 1211 suo
549 1151 633 1210 nutu
655 1153 783 1209 mutare
801 1164 867 1209 non
884 1143 1024 1211 dubitat.
1058 1142 1162 1226 Quid,
1298 1142 1329 1210 6.
1350 1140 1396 1209 m
1422 1162 1505 1209 auno
1531 1143 1609 1224 qaid
1634 1143 1780 1211 delum
1822 1140 1869 1209 'lb
1890 1141 2032 1229 κατέχον
2059 1144 2194 1228 propris
2241 1200 2244 1207 .

179 1230 324 1311 obseoro,
345 1238 397 1298 est
422 1249 459 1296 se
480 1229 598 1296 efferre
619 1248 720 1314 snpra
740 1250 838 1296 omne
856 1230 942 1313 qnod
964 1251 1087 1295 numen
1109 1250 1161 1296 rs·
1213 1228 1497 1313 impedimentum,
1526 1229 1581 1295 val
1609 1249 1741 1296 oausam
1772 1249 1884 1296 morae
1913 1230 1981 1296 hoo
1996 1231 2066 1297 looo
2088 1231 2194 1315 signi·

162 1326 328 1403 putatur,
355 1316 384 1384 si
413 1314 476 1384 hoe
503 1331 590 1399 'papa
618 1333 686 1381 non
708 1313 809 1382 lauit?
843 1314 956 1396 Quum
983 1315 1030 1381 ita
1052 1315 1162 1381 Deum
1213 1316 1299 1381 liost.
1343 1313 1610 1399 Ohrysostomus,
1638 1315 1697 1398 qni
1726 1322 1819 1399 putat
1848 1336 1943 1399 posse
1971 1336 2037 1381 nan
2064 1316 2130 1382 nisi
2150 1315 2194 1383 de

179 1402 304 1488 spoliat
330 1422 392 1470 suo
419 1399 553 1481 honore,
582 1399 666 1466 nihil
686 1407 819 1486 praeter
840 1402 973 1467 inanem
996 1400 1061 1467 Dei
1083 1401 1161 1467 titu-
1213 1402 1343 1484 spiritu,
1365 1401 1420 1466 vel
1438 1421 1573 1467 romano
1587 1401 1724 1485 imperio
1741 1400 1891 1486 intelligi,
1913 1401 2039 1466 mavult
2052 1401 2090 1467 in
2105 1401 2193 1471 hane

180 1490 249 1556 lum
271 1488 442 1556 residuum
464 1487 555 1569 iaoit,
584 1493 688 1553 totam
710 1506 790 1553 vero
811 1487 883 1554 aius
905 1496 1098 1571 potestatem
1120 1484 1162 1550 ad
1214 1485 1353 1552 alteram
1382 1498 1509 1568 partem
1536 1486 1707 1554 inelinare.
1749 1487 1925 1554 Rationem
1954 1486 2052 1553 habet
2074 1486 2194 1571 prohe-

180 1596 218 1643 sa
236 1575 403 1643 transfert.
436 1573 547 1658 Atque
562 1572 625 1640 hoo
645 1572 798 1656 estquod
820 1573 918 1657 paulo
940 1580 1014 1657 post
1033 1570 1164 1638 sublinit
1214 1572 1329 1651 hilam,
1363 1573 1441 1655 quia
1474 1573 1515 1638 da
1543 1574 1661 1656 spiritu
1689 1574 1904 1657 aenigmatioe
1936 1594 2003 1639 non
2036 1572 2194 1656 loquutus

181 1659 318 1739 Paulus,
347 1660 417 1726 iore
438 1668 478 1726 ut
498 1680 535 1726 se
556 1659 642 1726 lilius
664 1658 814 1742 perditus
836 1678 896 1742 pro
917 1656 989 1724 Deo
1011 1667 1162 1724 ostentet
1214 1665 1301 1724 asset
1322 1657 1457 1739 Paulus,
1478 1658 1536 1724 sed
1559 1658 1599 1725 de
1620 1659 1757 1742 imperio
1779 1659 1916 1741 loquens
1938 1659 2049 1725 odium
2079 1660 2194 1743 engere

179 1746 297 1831 Neque
326 1747 415 1813 enim
442 1746 495 1831 (ut
516 1744 640 1813 dietum
663 1743 727 1832 est)
752 1744 874 1811 insistit
895 1745 930 1810 in
952 1743 1068 1811 voenla
1089 1745 1162 1822 ista,
1216 1743 1366 1810 voluerit.
1399 1744 1469 1811 Cur
1490 1749 1602 1810 autem
1619 1747 1746 1810 romani
1767 1745 1897 1828 imperii
1918 1755 2026 1810 status
2044 1750 2194 1811 moratur

179 1829 292 1898 Deus:
315 1831 374 1898 sed
396 1851 467 1897 eam
486 1831 555 1897 lore
573 1830 758 1913 superbiam
773 1830 973 1897 Antiohristi
990 1829 1162 1914 signifieat,
1215 1827 1411 1896 Antiohristi
1433 1828 1680 1909 revelationem,
1701 1850 1833 1897 oausam
1855 1831 2020 1914 assignat:
2045 1830 2123 1914 quia
2148 1829 2194 1899 si·

181 1926 280 1984 ntae
302 1918 451 1984 eximens
468 1937 487 1982 e
504 1935 675 1983 servornm
698 1936 835 1983 numero
857 1928 890 1983 et
907 1917 1031 1995 ordine,
1051 1926 1084 1981 et
1100 1914 1162 1981 Dei
1213 1917 1280 1981 nuti
1308 1935 1329 1979 a
1351 1915 1462 1983 Persis
1494 1925 1528 1982 et
1550 1915 1659 1982 Medis
1686 1936 1801 1983 erema
1827 1916 1891 1981 luit
1911 1915 2095 2001 Babylonis
2122 1937 2194 1984 mo·

180 2001 327 2070 tribunal
349 2002 582 2084 oonsoendans,
612 2000 726 2067 divina
747 2023 814 2069 non
837 2002 982 2069 humana
1003 2007 1163 2085 potestate
1215 2000 1362 2084 narohia,
1389 2001 1586 2067 Macedones
1615 2023 1757 2078 rursum,
1787 2001 1884 2069 vietis
1911 2002 2031 2081 Persis,
2060 2021 2195 2069 monar-

180 2089 332 2173 imperat.
385 2086 516 2156 Soimm
543 2087 630 2154 enim
659 2086 783 2153 idolum
813 2109 884 2154 esse
915 2086 1074 2172 quidquid
1103 2085 1163 2151 eri·
1214 2087 1321 2152 ahiam
1352 2097 1570 2170 oaouparunt,
1603 2099 1635 2153 et
1662 2087 1795 2154 tandem
1824 2107 1845 2151 a
1873 2087 2034 2154 Romanis
2064 2087 2193 2156 subaoti

181 2175 274 2261 gitur
296 2176 330 2240 in
353 2173 417 2240 Dei
439 2173 557 2254 looum,
578 2173 709 2239 etiamsi
724 2173 790 2239 Dei
807 2194 923 2239 nomen
947 2194 1011 2238 uon
1035 2173 1162 2238 habeat.
1216 2172 1349 2239 luerunt
1371 2173 1584 2240 Maoedones:
1617 2174 1665 2238 its
1683 2173 1910 2239 Antiohristus
1932 2183 2100 2240 amantem
2123 2173 2194 2241 Ro·

270 2259 313 2326 Irt
333 2259 447 2343 templo
466 2258 541 2326 Dei.
584 2258 659 2326 Hos
686 2279 752 2325 uno
785 2259 887 2326 verbo
914 2256 1043 2324 abunda
1068 2256 1164 2323 reial-
1215 2259 1305 2323 mani
1322 2259 1452 2343 imperii
1474 2260 1693 2342 prinoipatum
1716 2258 1757 2324 ad
1777 2280 1813 2325 se
1835 2270 1992 2343 rapturus
2008 2259 2061 2326 sit.
2099 2259 2195 2327 Nlhil

183 2346 264 2413 litur
291 2365 406 2412 eorum
435 2365 537 2431 error,
566 2345 632 2410 imo
659 2344 816 2424 sonordia,
845 2343 963 2429 quibus
984 2363 1070 2428 papa
1092 2341 1164 2408 ideo
1216 2344 1333 2410 horum
1363 2344 1529 2428 estquod
1559 2366 1623 2409 non
1655 2366 1690 2411 re
1719 2347 1790 2427 ipsa
1812 2346 2060 2426 nomprobatum
2079 2358 2195 2429 postea

182 2430 312 2499 Obriati
346 2431 490 2498 vinarius
526 2438 577 2498 est
606 2430 683 2515 qaia
711 2449 803 2495 suam
832 2431 867 2496 in
896 2429 1033 2496 aeolesia
1053 2427 1164 2495 sedem
1217 2430 1330 2496 luerit:
1361 2451 1440 2496 vare
1469 2451 1548 2513 ergo
1575 2429 1717 2514 loquitur
1739 2429 2005 2516 chrysostomus,
2033 2430 2121 2515 quod
2149 2429 2194 2497 ad

182 2516 314 2597 habeat,
344 2517 612 2602 qualiterounque
640 2525 803 2601 aegerat.
844 2515 926 2581 Nam
949 2515 1074 2581 Paulua
1096 2535 1163 2580 non
1216 2515 1385 2583 historiam
1406 2524 1542 2600 speotat.
1579 2513 1645 2582 Sed
1669 2538 1730 2601 ego
1750 2516 1849 2583 aliam
1871 2517 1971 2583 luisse
1985 2517 2081 2583 Pauli
2099 2536 2196 2583 men·

181 2601 261 2670 aliti
275 2603 518 2671 Antiohristum
539 2603 635 2686 looat,
658 2621 756 2686 quam
778 2602 906 2686 inipso
929 2601 992 2667 Dei
1014 2607 1163 2668 sanatus·
1217 2612 1282 2666 tem
1305 2603 1462 2668 arbitror:
1486 2623 1604 2685 nempe
1626 2604 1712 2686 qnod
1732 2601 1899 2686 evangelii
1922 2602 2101 2669 doetrinam
2124 2601 2194 2670 huo

183 2691 246 2755 rio.
289 2688 367 2755 Non
387 2689 477 2756 enim
499 2698 656 2754 externus
678 2699 730 2754 est
750 2686 864 2770 hostis,
886 2687 943 2753 sed
959 2686 1164 2765 domestions,
1216 2699 1250 2752 et
1271 2688 1349 2756 illuo
1370 2689 1544 2772 propagari
1566 2690 1756 2772 oportuerit,
1779 2689 1882 2756 donea
1904 2698 1993 2754 totus
2014 2688 2081 2756 leae
2102 2686 2195 2755 orbis

209 2777 242 2840 ni
270 2775 331 2841 sub
359 2775 430 2858 ipso
462 2774 589 2842 christi
619 2774 751 2840 nomine
781 2773 951 2840 Ohristum
986 2784 1164 2856 oppugnat.
1219 2794 1293 2840 reus
1329 2775 1553 2842 oontumaoiae
1585 2786 1621 2840 st
1652 2774 1832 2840 destinatae
1864 2775 2009 2840 malitiae
2042 2788 2197 2857 perustas

185 2793 255 2928 ged
278 2860 447 2943 quaeritur
469 2858 632 2944 quomodo
662 2868 799 2926 vooetur
821 2858 957 2925 aeolesia
977 2877 1093 2942 speous
1116 2866 1165 2923 tot
1218 2857 1312 2925 soret.
1356 2859 1471 2943 Neque
1500 2860 1588 2925 enim
1617 2859 1752 2927 dubium
1782 2859 1862 2943 quin
1893 2860 1954 2925 hoo
1976 2860 2196 2944 impedimen·

185 2947 473 3118 utillimis
491 2946 745 3099 titillat
761 2943 1166 3114 illlitlttltll.
1216 2943 1558 3099 {taidelli-⁰
1580 2957 1751 3097 etit}
1779 2944 2195 3099 thitllllzttltt

184 3118 342 3186 eeclesiae
371 3082 563 3203 qualitates:
593 3081 650 3182 aed
672 3117 748 3201 quia
769 3115 893 3199 aliquid
914 3115 1082 3181 residuum
1105 3113 1164 3180 ha·
1216 3137 1299 3200 quae
1313 3118 1406 3202 prius
1420 3137 1529 3184 eoram
1548 3116 1712 3185 doouerat.
1741 3116 1839 3184 Nune
1852 3119 2042 3201 expandant
2057 3118 2195 3185 lautores

186 3204 272 3272 beat.
309 3203 482 3288 Templum
506 3222 585 3288 ergo
604 3202 667 3269 Dei
690 3224 761 3269 asse
782 3203 896 3283 fateor,
917 3201 952 3267 in
974 3221 1039 3285 quo
1060 3199 1164 3266 domi·
1217 3216 1328 3269 utrum
1360 3203 1403 3269 sit
1432 3203 1654 3287 probabilius,
1684 3203 1825 3270 Paulum
1853 3203 2084 3270 eoneionatum
2110 3224 2194 3286 ans,

186 3300 287 3357 natur
316 3310 411 3373 papa,
441 3289 498 3356 sed
527 3289 713 3355 innumeris
740 3288 921 3373 saerilegiis
942 3284 1164 3372 profanatum.
1215 3291 1307 3374 prius
1350 3289 1643 3356 oiroumfarendam
1686 3310 1743 3373 per
1785 3309 1899 3355 omnes
1934 3300 2044 3355 terrea
2081 3301 2193 3374 partes

1215 3375 1380 3460 evangelii
1402 3375 1521 3458 lunam,
1542 3380 1720 3457 antequem
1739 3373 1833 3441 Deus
1854 3378 1902 3441 ita
1916 3374 2061 3442 Satanae
2078 3376 2194 3444 haam

274 3459 305 3527 ὅ,
338 3460 456 3527 Maon
483 3461 634 3527 memoria
662 3460 785 3539 wadia,
812 3460 909 3543 quod,
938 3479 1035 3542 quum
1063 3458 1165 3526 adhue
1215 3462 1350 3542 laxaret,
1379 3483 1422 3527 an
1443 3461 1587 3526 Romani
1610 3461 1739 3543 imperii
1762 3466 1941 3546 potentiam
1963 3460 2096 3528 obstare
2117 3482 2195 3546 que·

186 3566 284 3615 mett
317 3547 406 3631 opud
436 3566 498 3626 uos,
531 3546 609 3612 hest
640 3545 728 3612 rotis
752 3545 918 3613 timebam?
956 3545 986 3611 6.
1009 3545 1055 3612 at
1082 3563 1165 3611 nurtt
1214 3548 1323 3612 minus
1351 3557 1501 3632 surgeret
1528 3546 1769 3630 Antiohristua,
1795 3549 1871 3631 quia
1900 3568 1967 3613 non
1996 3558 2109 3629 posset
2129 3547 2195 3616 nisi

176 3633 268 3717 ‘quid
294 3633 429 3700 uetant
456 3633 554 3718 tedia,
582 3632 678 3699 donee
699 3630 921 3698 attrectetur
943 3651 1001 3698 stro
1021 3636 1164 3713 empore.
1214 3634 1249 3697 in
1284 3653 1420 3699 saeuam
1460 3634 1697 3716 possessionem
1731 3634 1924 3716 irrumpere.
1989 3633 2065 3718 Ego
2104 3643 2193 3701 oerts

188 3719 220 3785 l.
242 3716 434 3804 Myttert'stm
459 3720 541 3785 euim
569 3717 638 3783 t'urtt
665 3721 813 3801 operetur
839 3718 1035 3801 iniquitatis,
1061 3717 1164 3783 solum
1215 3716 1357 3783 Paulum
1378 3716 1491 3784 audire
1512 3719 1593 3783 mihi
1612 3719 1732 3797 videor,
1756 3718 1857 3784 verba
1873 3719 2044 3787 lenientem
2064 3719 2105 3785 de
2123 3718 2197 3786 nni-

186 3805 400 3872 termenando
421 3805 516 3871 doaso
536 3824 553 3869 s
574 3805 678 3872 medio
699 3801 836 3869 tolletur.
872 3804 901 3868 8.
924 3802 970 3868 Et
989 3809 1063 3870 tusas
1083 3822 1165 3869 reve·
1216 3803 1335 3870 versali
1356 3805 1505 3887 gentium
1528 3805 1707 3882 rotatione,
1741 3805 1829 3887 quod
1852 3804 2004 3871 omnibns
2025 3804 2194 3872 offerenda

185 3889 305 3958 labitur
317 3891 451 3975 eaquae
463 3891 526 3971 tlte,
540 3911 631 3972 quem
644 3889 806 3956 Dominus
818 3889 953 3956 merset
966 3890 1084 3971 meet
1097 3889 1165 3956 oria
1215 3902 1300 3955 esset
1321 3888 1387 3955 Dei
1417 3891 1541 3974 gratia,
1570 3890 1655 3974 quod
1685 3890 1797 3956 orbem
1827 3889 1982 3957 Ohristus
2010 3889 2193 3974 perlustra·

185 3978 257 4044 etti:
278 3980 307 4043 et
328 3977 462 4044 abolebit
480 3976 689 4044 ι’ῖῑιιιιοοιίοιιο
709 3974 862 4042 edumdsts
881 3975 945 4042 atti.
1216 3985 1309 4041 turus
1335 3985 1421 4042 esset
1449 3995 1510 4041 suo
1531 3976 1721 4060 evangelio:
1749 3995 1813 4059 quo
1836 3997 1889 4042 ma
1912 3977 1940 4041 is
1962 3982 2086 4042 testata
2106 3986 2194 4045 esset

1214 4082 1253 4129 aa
1274 4061 1447 4128 ooniunota
1475 4062 1648 4127 hominnm
1670 4062 1829 4144 impietas.
1872 3998 1965 4127 {aaa
1986 4062 2091 4144 igitur
2109 4061 2192 4129 dila·

274 4148 305 4214 ὅ.
334 4148 454 4214 Aaron
482 4148 646 4214 memorio.
708 4147 782 4213 Hoo
819 4145 989 4213 doetrinae
1025 4143 1165 4211 addebat
1215 4150 1261 4214 tio
1292 4159 1373 4226 erat,
1406 4147 1510 4213 donea
1541 4148 1723 4231 eomplstns
1755 4161 1842 4214 esset
1870 4150 2032 4232 evangelii
2055 4166 2193 4216 oursusz

69 4258 84 4277 ν
187 4252 257 4300 non
279 4254 398 4318 parum
421 4234 585 4316 ponderis,
608 4232 695 4315 quod
716 4252 790 4299 eam
811 4233 903 4315 prius
926 4233 1100 4298 audierant
1122 4251 1164 4295 ex
1216 4233 1294 4316 quia
1315 4234 1459 4317 gratuita
1479 4232 1680 4299 adsalutem
1702 4233 1853 4299 invitatio
1871 4233 1984 4298 ordine
2003 4236 2093 4317 prior
2111 4246 2191 4302 erat

186 4337 246 4386 ore
277 4319 394 4404 Pauli,
431 4340 474 4385 ne
510 4319 551 4385 ad
585 4327 715 4403 tempus
747 4319 967 4404 exeogitatam
1001 4325 1164 4401 putarent.
1215 4317 1295 4384 Ideo
1316 4318 1418 4400 addit,
1439 4340 1514 4385 suo
1536 4329 1739 4402 tempore:
1769 4320 1846 4402 qnia
1868 4331 1997 4384 matura
2017 4332 2089 4386 erat
2111 4320 2193 4387 ultio

185 4403 285 4487 Quod
314 4415 425 4472 οιιιοιιι
453 4414 584 4471 mature
611 4425 667 4471 eos
693 4402 735 4470 de
756 4404 956 4471 Antiohristi
984 4424 1086 4487 regno
1107 4401 1164 4468 ad·
1216 4415 1290 4487 post
1310 4404 1513 4488 repudiatam
1535 4407 1684 4489 gratiam.
2189 4469 2191 4472 .

187 4498 362 4558 monuerat
383 4500 417 4559 et
434 4491 545 4557 lutura
571 4490 726 4558 eoeleshe
741 4491 934 4569 amatione,
957 4508 1058 4572 quum
1074 4487 1166 4554 nulla
1301 4489 1332 4556 7.
1354 4488 1543 4574 Memorium
1570 4490 1760 4574 iriqullots'a.
1810 4490 1885 4558 Hoo
1914 4491 2110 4558 revelationi
2138 4510 2194 4576 op-

188 4576 298 4643 adhuo
312 4576 353 4644 de
367 4577 420 4643 his
436 4577 536 4645 rebus
550 4585 642 4644 mota
657 4582 745 4644 esset
759 4575 915 4661 quaestio,
938 4575 1050 4657 proonl
1065 4574 1165 4640 dubio
1258 4575 1366 4642 nitur:
1394 4576 1475 4659 quia
1496 4576 1584 4642 anim
1608 4576 1754 4643 nondum
1779 4588 1889 4643 tantas
1913 4578 2001 4644 viros
2018 4577 2193 4662 eollegerat

190 4661 324 4731 ridebat
353 4662 535 4731 doetrinam
564 4684 636 4730 sese
665 4683 702 4729 oo
749 4665 797 4727 itu
830 4664 865 4726 in
898 4661 1012 4744 primis
1038 4659 1166 4726 utilem.
1244 4670 1330 4742 atam
1356 4671 1393 4728 nt
1413 4661 1523 4747 palam
1544 4661 1771 4729 Antinhrimm
1791 4663 1960 4731 adelasiam
1984 4666 2192 4747 opprimeret,

186 4750 234 4816 lte
255 4770 338 4816 sane
358 4750 405 4815 ita
426 4770 478 4817 res
501 4750 610 4817 habet.
643 4749 702 4815 hia
717 4760 752 4813 ta
772 4746 876 4814 visuri
898 4757 992 4813 erant
1013 4744 1064 4812 illi
1085 4765 1165 4829 qnos
1216 4747 1295 4815 dieit
1322 4768 1397 4814 eum
1425 4747 1540 4813 iurum
1568 4757 1603 4815 et
1630 4747 1814 4815 usnemun
1842 4750 1953 4815 moliri
1974 4748 2061 4833 quod
2082 4763 2192 4834 aperte

180 4834 426 4921 alloquebatur,
455 4855 539 4919 quae
569 4855 625 4902 eos
651 4833 842 4901 turbarant:
872 4833 1047 4916 posteritas
1075 4849 1165 4912 raro,
1214 4852 1275 4899 sno
1303 4842 1450 4984 tamffira
1477 4834 1624 4901 iaeturus
1644 4844 1726 4901 erat.
1769 4833 1913 4902 laniabat
1933 4834 2036 4919 igitur
2059 4847 2139 4902 tuns
2158 4835 2192 4902 iu

186 4943 287 5006 quum
317 4922 436 4987 bonam
458 4942 573 4988 eorum
594 4935 721 5005 partem
744 4921 799 5004 qui
822 4917 948 4985 Ohristi
969 4918 1067 4984 fidem
1089 4935 1164 5001 pro·
1214 4917 1341 4985 oooulto
1423 4917 1585 5000 damaeta,
1606 4919 1725 5004 quibus
1747 4929 1860 5005 postea
1881 4918 2064 4987 aedifioinm
2082 4941 2191 5005 snper·

186 5009 265 5074 lessi
288 5019 393 5092 erant,
424 5009 515 5092 quasi
537 5017 655 5089 oestro,
681 5005 736 5072 rel
757 5006 866 5108 potius
889 5005 976 5070 iuria
996 5001 1163 5088 pertitam,
1215 5013 1365 5083 strueret,
1387 5011 1425 5071 ut
1445 5006 1570 5072 motum
1590 5011 1651 5073 est.
1694 5005 1804 5090 Atque
1826 5005 1904 5072 hino
1925 5006 2054 5089 plenius
2075 5007 2191 5073 mulir·

186 5111 208 5159 a
240 5095 363 5177 pietate
384 5094 562 5162 desoiseere
589 5104 624 5161 et
652 5095 686 5159 in
707 5091 856 5178 lentium
884 5109 981 5157 rnere
1005 5096 1164 5170 eernere,
1215 5097 1326 5157 matur
1352 5089 1438 5174 quod
1467 5092 1535 5157 iam
1562 5089 1644 5171 dixi,
1672 5112 1739 5157 non
1769 5113 1873 5157 unum
1896 5094 2001 5159 notari
2025 5091 2191 5159 hominem

188 5178 267 5262 quid
289 5179 378 5245 aliud
401 5201 499 5263 quam
523 5179 666 5246 titubare
687 5175 840 5262 poterat?
874 5176 999 5242 Verum
1022 5175 1077 5241 hio
1094 5184 1164 5241 erat
1214 5176 1276 5243 sub
1297 5175 1495 5244 Antiohrieti
1516 5177 1657 5258 nomine,
1682 5178 1740 5245 sed
1762 5199 1900 5263 regnum
1923 5199 2026 5245 uuum
2049 5177 2137 5263 quod
2157 5196 2193 5247 st

185 5283 306 5332 murus
326 5266 490 5334 aheneus:
520 5266 568 5332 sio
589 5265 690 5331 luisse
711 5264 924 5332 eonstitutum
943 5283 963 5329 a
985 5262 1067 5342 Dan,
1088 5261 1164 5345 quia
1213 5261 1249 5328 in
1285 5261 1406 5330 multas
1442 5270 1567 5329 aetates
1603 5264 1762 5330 extendit.
1818 5263 1943 5331 hlodem
1978 5285 2080 5331 sensu
2113 5264 2193 5332 disit
