4740 6016
183 329 253 395 291
821 328 1216 396 setempublica
1240 329 1523 397 'EIMO'PHEUM
1547 330 1563 395 1
2132 333 2202 399 292

187 526 300 608 Quam
317 543 396 590 vero
418 543 503 590 nova
525 545 577 589 rea
599 531 632 588 st
653 523 798 588 insolens
821 523 919 587 luerit
941 523 1089 606 gentium
1110 541 1167 589 vo·
1220 524 1324 606 parit,
1354 522 1439 606 quod
1469 525 1505 590 in
1536 525 1633 590 rebus
1660 525 1771 590 liberis
1801 525 1979 608 imponitur
2009 527 2200 592 nenessitas.

188 614 292 689 natio,
323 610 466 675 diximus
495 609 638 675 seeundo
668 609 708 673 ad
738 609 900 691 Ephesios
929 610 1044 692 eapite.
1098 608 1168 675 Neo
1220 610 1306 674 Nam
1337 610 1478 674 mundus
1507 610 1601 674 facile
1624 610 1664 675 ab
1687 630 1724 676 eo
1747 630 1781 675 se
1810 609 1975 693 prohiberi
1998 614 2086 694 sinit,
2109 613 2197 695 qnod

190 699 311 762 mirum
335 708 392 772 est,
426 695 553 778 angelis
574 695 673 760 fuisse
695 714 819 758 novum
844 693 1079 776 spectaculum:
1114 695 1167 777 qui
1220 717 1278 778 per
1300 695 1410 760 Deum
1438 695 1565 760 licitum
1595 705 1682 778 erat,
1715 706 1750 760 nt
1780 697 1914 779 impune
1938 697 2000 761 Dei
2023 697 2113 780 leges
2134 698 2199 763 sibi

192 782 324 848 tametsi
340 783 380 845 de
394 781 532 845 humani
548 782 676 864 generis
691 780 914 862 redemptione
935 789 1168 862 cognoverant,
1222 780 1407 864 transgredi
1435 781 1542 847 liceat.
1585 781 1650 847 Hie
1676 802 1754 865 ergo
1778 782 1900 848 Paulus
1922 784 1954 847 in
1978 803 2119 866 persona
2140 784 2198 848 Ti·

189 869 324 933 modum
354 879 465 931 tamen
492 886 558 930 non
588 875 764 931 tenuerunt
793 863 834 928 ab
856 866 962 931 initio:
994 877 1027 930 et
1047 864 1168 931 celatos
1220 866 1343 931 mothei
1365 886 1429 930 non
1452 866 1615 949 Ephesios
1637 867 1745 946 modo,
1771 868 1828 933 sed
1852 888 1964 932 omnes
1988 869 2109 950 ubique
2131 879 2199 935 ter·

192 952 265 1018 ideo
294 953 457 1034 oportuit,
485 972 549 1034 quo
578 950 651 1033 plus
673 951 896 1016 admirationis
919 950 1054 1016 haberet
1077 961 1168 1016 tauta
1220 971 1331 1016 rarum
1348 953 1499 1018 eeclesias
1523 962 1711 1034 praemonet
1723 955 1762 1017 de
1774 954 1890 1018 fucatis
1913 954 2106 1032 doctoribus,
2129 957 2198 1038 qni,

188 1038 254 1104 Dei
277 1040 417 1104 bonitas.
1220 1038 1352 1103 fictitios
1366 1038 1473 1103 cultus
1491 1039 1692 1103 instituendo
1715 1054 1748 1103 et
1763 1040 1978 1105 conscientias
1990 1040 2197 1122 illaqueando

279 1124 392 1189 Ftnm
420 1123 552 1189 obtinuit
580 1124 614 1187 in
643 1123 767 1187 mundo.
818 1121 889 1186 Iam
918 1122 1001 1186 illud
1032 1130 1103 1186 erat
1133 1122 1167 1186 in
1221 1124 1316 1188 novis
1348 1122 1491 1207 legibus,
1535 1144 1648 1188 verum
1679 1124 1744 1189 Dei
1783 1125 1909 1190 cultum
1943 1125 2131 1190 adulterant
2164 1134 2199 1193 et

192 1210 310 1294 primis
322 1208 520 1285 admirabile,
531 1209 616 1292 quod
627 1208 773 1272 eiusdem
786 1207 994 1273 revelationis
1005 1219 1038 1272 ct
1053 1220 1167 1291 gentes
1220 1219 1434 1292 corrumpunt
1464 1229 1577 1292 puram
1608 1209 1683 1275 fidei
1712 1209 1901 1275 doctrinam.
1950 1210 2015 1276 Hic
2044 1215 2198 1294 proprius

191 1298 362 1380 profanas,
392 1308 423 1359 et
446 1297 589 1378 angelos,
612 1301 786 1377 perpetuos
813 1295 906 1376 regni
929 1295 978 1358 sui
1001 1292 1167 1375 haeredes,
1220 1304 1270 1359 est
1311 1316 1441 1377 scopus:
1487 1315 1581 1376 quem
1627 1297 1732 1360 notari
1775 1296 1926 1379 inprimis
1970 1302 2021 1362 est
2054 1320 2197 1365 necesse.

191 1403 297 1464 aeque
329 1391 495 1463 compotes
527 1382 650 1445 feceret
681 1379 784 1445 Deus.
842 1379 906 1445 Sed
941 1389 1034 1443 tanta
1067 1380 1166 1443 enam
1220 1378 1320 1447 Porro
1350 1400 1413 1462 quo
1440 1384 1561 1445 maiore
1584 1382 1764 1447 attentione
1786 1383 1951 1464 excipiant
1974 1403 2086 1449 omues
2108 1385 2197 1468 quod

189 1468 366 1551 Evangelii
390 1466 567 1549 praedicati
599 1465 744 1531 efficacia
780 1464 972 1530 miraculum
1008 1465 1068 1529 luit
1101 1486 1167 1528 non
1220 1465 1368 1531 dicturus
1399 1478 1462 1541 est,
1494 1466 1660 1549 praefatur
1686 1478 1812 1532 certum
1835 1488 1906 1532 esse
1928 1478 1962 1532 et
1983 1469 2117 1534 minime
2139 1471 2197 1535 ob·

189 1555 336 1638 vulgare,
359 1573 458 1635 quum
478 1551 639 1630 Christus,
663 1563 710 1615 tot
731 1552 892 1634 superatis
914 1550 1167 1632 impedimentis,
1220 1571 1353 1616 seuram
1381 1552 1549 1616 oraculum
1578 1553 1713 1634 spiritus
1736 1556 1848 1618 saneti.
1893 1553 1970 1618 Non
1993 1556 2194 1637 estquidam

188 1641 225 1704 in
238 1638 455 1704 obedientiam
468 1638 544 1702 fidei
558 1638 696 1719 subegit,
712 1639 767 1719 qui
786 1636 980 1700 videbantur
995 1657 1065 1701 esse
1077 1657 1167 1718 pror·
1220 1635 1354 1701 dubium
1390 1639 1469 1719 quin
1501 1637 1627 1720 reliqua
1659 1660 1701 1703 ex
1732 1638 1845 1703 eodem
1879 1640 1996 1722 spiritu
2029 1641 2192 1706 hauserit:

188 1745 245 1791 eus
254 1723 480 1790 indomabiles.
500 1723 591 1788 Nihil
601 1735 689 1789 certe
700 1724 810 1787 minus
821 1721 974 1787 credibile
986 1721 1166 1785 videbatur:
1219 1742 1335 1787 verum
1373 1732 1538 1807 utcunque
1573 1744 1703 1807 semper
1739 1724 1920 1790 audiendus
1957 1727 1999 1790 eit
2036 1737 2192 1809 tanquam

189 1811 271 1876 adeo
286 1810 396 1875 aditus
410 1830 523 1874 omnes
539 1807 700 1893 praeclusi
714 1812 810 1872 erant
825 1818 857 1871 ει
874 1807 1024 1873 obserati.
1064 1806 1166 1872 Fides
1220 1806 1345 1873 Ohristi
1375 1828 1552 1891 organum,
1583 1815 1691 1875 temen
1722 1810 1757 1874 in
1786 1831 1886 1876 causa
1908 1814 2019 1894 magni
2042 1813 2194 1895 ponderis

186 1907 302 1961 tamen
332 1895 474 1961 eluctata
496 1909 554 1974 est,
577 1894 634 1960 sed
657 1892 837 1959 incredibili
861 1893 1015 1960 victoriae
1035 1912 1166 1976 genere.
1218 1892 1427 1976 peculiariter
1455 1893 1559 1959 voluit
1587 1895 1647 1960 hoo
1677 1903 1849 1975 testatum,
1881 1897 1962 1962 nihil
1992 1919 2027 1963 se
2051 1899 2197 1982 prolerre

189 1982 362 2048 Postremo
402 1981 443 2045 in
483 1981 660 2065 gloriam
700 1988 911 2062 receptum
950 1999 1033 2044 εεεε
1070 1978 1165 2043 dicit:
1218 1979 1281 2044 nisi
1314 2000 1357 2044 ex
1389 1979 1508 2063 spiritu
1542 1980 1740 2064 prophetiae.
1793 1980 1930 2048 solenni
1960 1983 2072 2065 itaque
2103 2004 2197 2066 prae·

187 2088 307 2152 nempe
339 2067 379 2132 ah
411 2066 472 2132 hae
503 2064 634 2131 mortali
663 2075 697 2130 et
725 2084 919 2147 aerumnosa
947 2064 1025 2130 vita.
1075 2064 1166 2147 Ergo
1219 2064 1314 2130 eonio
1345 2063 1439 2130 nobis
1469 2064 1554 2131 hano
1583 2066 1788 2150 prophetiam
1818 2068 2039 2134 commendat:
2070 2090 2132 2136 neo
2157 2091 2197 2136 eo

188 2154 287 2220 sicuti
308 2151 343 2216 in
365 2151 488 2219 mundo
509 2149 615 2235 quoad
637 2151 717 2216 fidei
738 2148 964 2227 obedientiam,
997 2151 1046 2215 ita
1078 2158 1112 2214 et
1132 2151 1167 2214 in
1218 2157 1407 2230 contentus,
1439 2149 1531 2215 addit
1559 2170 1630 2218 esse
1659 2153 1797 2237 claram,
1828 2175 1888 2220 nee
1918 2154 1985 2220 ullo
2010 2158 2197 2240 aenigmate

187 2238 320 2306 (lhristi
348 2258 489 2321 persona
517 2238 602 2303 mira
631 2237 691 2302 fuit
715 2236 894 2315 conversio,
924 2234 1002 2300 dum
1035 2256 1077 2301 ex
1099 2244 1165 2300 tam
1218 2236 1421 2319 implicitam.

189 2325 319 2390 abiecta
349 2324 436 2390 servi
468 2322 653 2390 conditione
686 2333 818 2388 evectus
847 2328 898 2387 est
927 2321 968 2387 ad
997 2319 1167 2387 dexteram
1304 2320 1348 2386 In
1364 2323 1595 2405 postemoribus.
1639 2323 1712 2388 Hoc
1741 2344 1817 2389 vero
1845 2345 1939 2390 nemo
1962 2336 2041 2392 tune
2063 2348 2196 2411 exspes·

188 2410 312 2492 Patris,
334 2421 371 2474 ut
392 2409 440 2474 illi
461 2410 614 2475 flectatur
636 2428 732 2473 omne
754 2429 849 2491 genu.
1220 2415 1330 2486 tasset,
1360 2419 1397 2472 ut
1425 2409 1459 2473 in
1492 2418 1584 2472 tanta
1613 2408 1778 2493 evangelii
1799 2410 1872 2477 lnce
1895 2410 2081 2478 deficerent.
2127 2411 2194 2480 Sed

180 2502 185 2510 '
1220 2492 1282 2558 hoc
1312 2497 1362 2557 est
1391 2493 1514 2560 scilicet
1537 2494 1623 2576 quod
1647 2493 1725 2559 dioit
1747 2494 1884 2580 Petrus,
1913 2497 2013 2563 falsos
2035 2498 2192 2576 doctores,

1220 2580 1306 2644 sicut
1338 2579 1458 2662 populo
1492 2578 1665 2645 israelitico
1697 2580 1826 2647 molesti
1856 2581 1934 2647 olim
1964 2583 2112 2662 inerunt,
2144 2585 2192 2648 ita

1219 2664 1414 2729 christianae
1425 2664 1579 2731 eeclesiae
1593 2685 1723 2748 semper
1734 2667 1803 2733 lore
1813 2668 1949 2733 infestos
1965 2669 2008 2755 (2.
2017 2668 2089 2735 Pet.
2102 2669 2132 2748 3,
2143 2669 2190 2754 3).

1220 2749 1363 2815 Perinde
1381 2771 1458 2834 ergo
1475 2759 1526 2815 est
1540 2771 1577 2817 ao
1593 2752 1622 2815 si
1640 2751 1771 2830 diceret,
1795 2752 1891 2819 Nune
1912 2755 2008 2821 floret
2030 2756 2192 2839 evangelii

1220 2835 1384 2901 doctrina:
1407 2836 1464 2902 sed
1487 2858 1552 2902 non
1575 2837 1632 2903 diu
1654 2837 1797 2921 quiesset
1818 2838 1934 2922 Satan,
1957 2842 2039 2924 quin
2061 2840 2194 2907 zizaniis

541 2668 725 2749 CAPUT
747 2667 819 2747 IV.

279 2841 307 2905 l.
333 2838 476 2921 Spiritus
504 2842 607 2904 autern
627 2836 710 2902 ctare
730 2836 808 2902 dicit
828 2837 912 2916 quod
931 2837 967 2901 in
985 2835 1168 2916 posteriori-

183 2927 248 2994 nc
272 2924 462 3007 temporibus
490 2925 656 2990 desciscent
675 2923 805 3004 quidum
825 2943 846 2985 a
870 2921 950 3004 sida,
982 2922 1167 2987 eamdentes

179 3012 358 3096 'spiritibus
401 3008 622 3093 inspectoribus
663 3014 691 3072 et
728 3007 878 3074 dominia
924 3008 1166 3087 damnatorum,

191 3101 222 3165 2.
246 3101 282 3165 in
303 3098 463 3184 hypocrisi
491 3093 749 3179 falsiloquorum,
779 3093 918 3159 cauterio
945 3096 1082 3159 notatam
1111 3092 1166 3158 tto

191 3187 330 3252 bents'uns
361 3183 596 3261 metuentium,
639 3179 670 3243 3.
699 3178 932 3261 prohibentium
963 3179 1167 3245 matrimonio

177 3269 383 3348 *conuehere
417 3268 587 3333 iubentium
619 3265 772 3331 obstinem
803 3285 824 3330 u
856 3266 934 3330 cibis
965 3284 1045 3346 quos
1076 3264 1167 3330 Deus

188 3357 307 3422 creauit
324 3355 367 3421 od
382 3355 621 3435 percipiendum
642 3371 712 3418 essm
731 3351 909 3435 prutierum
931 3352 1049 3417 annue
1068 3350 1166 3433 fideti·

190 3441 259 3520 bus,
282 3447 310 3505 et
323 3438 782 3523 permansissemus,
805 3437 836 3502 4.
858 3437 940 3518 quod
960 3438 1061 3502 omnis
1082 3456 1167 3502 oreo·

187 3533 264 3594 turc
286 3527 350 3593 Dei
377 3526 471 3607 bono,
499 3530 527 3589 et
554 3523 636 3590 nibil
661 3522 866 3588 reiteiendum
896 3523 980 3604 quod
999 3542 1071 3587 eum
1090 3543 1166 3606 pro·

191 3611 312 3678 tiorum
340 3612 457 3679 actione
485 3615 637 3676 sumatur.
689 3609 719 3673 b.
751 3607 972 3690 Sanctificetur
1002 3610 1084 3675 enim
1108 3628 1168 3691 per

1218 2922 1379 2987 suffocare
1416 2923 1546 2988 studeat
1580 2943 1700 3005 purum
1735 2945 1857 2991 semen.
1918 2925 2081 2992 Prodsrat
2114 2927 2193 2994 haee

1218 3006 1396 3072 admonitio
1418 3008 1547 3075 saeculo
1569 3008 1682 3093 Pauli,
1713 3020 1751 3075 ut
1772 3009 1884 3077 sedulo
1905 3013 2066 3077 instantes
2092 3033 2193 3097 purae

1217 3092 1383 3158 doetrinae
1412 3102 1479 3158 tam
1509 3102 1656 3176 pastores
1684 3117 1781 3179 qnam
1811 3097 1927 3180 reliqui
1962 3118 2028 3162 non
2054 3099 2191 3166 choum·

1218 3179 1418 3244 venirentur.
1454 3179 1555 3244 Nobis
1570 3179 1666 3246 hodie
1681 3202 1747 3246 non
1768 3182 1877 3247 minus
1899 3193 1949 3249 est
1971 3183 2071 3263 utilis,
2092 3206 2190 3266 quum

1217 3264 1302 3329 nihil
1339 3266 1502 3330 cernimus
1536 3267 1690 3332 accidisse
1722 3269 1809 3350 quod
1842 3290 1908 3334 non
1941 3271 2041 3334 luerit
2072 3269 2190 3336 diserto

1217 3351 1352 3431 spiritus
1378 3351 1529 3416 vaticinio
1550 3352 1761 3433 praedictum.
1806 3354 2080 3421 Animadvertere
2103 3377 2192 3439 prae-

1218 3445 1307 3501 terea
1336 3435 1390 3502 hio
1418 3437 1494 3502 licet
1521 3451 1676 3518 quantam
1703 3439 1856 3506 ecelesiae
1878 3461 1956 3506 suae
1978 3461 2093 3507 curam
2116 3451 2192 3525 egat

1218 3522 1325 3600 Deus,
1357 3522 1434 3588 dum
1462 3522 1510 3586 ita
1538 3533 1665 3588 mature
1692 3526 1836 3591 occurrit
1863 3526 2025 3609 perieulis.
2075 3527 2191 3594 Multi·

1218 3608 1318 3690 plices
1343 3607 1473 3692 quidem
1496 3614 1582 3673 artes
1605 3610 1703 3675 habet
1725 3610 1828 3676 Satan
1852 3612 1970 3694 quihus
1990 3613 2026 3676 in
2047 3632 2191 3679 errorem

1218 3714 1277 3758 nos
1302 3694 1451 3772 inducat,
1483 3704 1516 3756 et
1538 3694 1629 3758 miris
1651 3697 1778 3762 insidiis
1800 3715 1861 3763 nos
1883 3697 2045 3763 adoritur:
2078 3719 2190 3765 verum

1218 3800 1259 3844 ex
1281 3779 1417 3845 adverso
1440 3780 1520 3844 eatis
1552 3781 1658 3845 munit
1680 3803 1739 3847 nos
1769 3781 1946 3860 Dominus,
1978 3786 2044 3850 nisi
2073 3794 2190 3869 sponte

277 3869 306 3935 1.
337 3867 481 3950 Spiritus
507 3871 620 3933 eutem.
670 3865 856 3951 Diligenter
883 3864 1098 3932 admonuerat
1126 3864 1166 3930 de
1218 3863 1320 3948 decipi
1337 3866 1431 3931 nobis
1452 3865 1578 3930 liberet.
1616 3865 1726 3947 Quare
1748 3888 1814 3934 non
1836 3869 1993 3952 estquod
2017 3890 2191 3952 queramur

174 3956 304 4022 ⁴multis
319 3953 539 4020 Timotheum.
577 3952 649 4017 lum
664 3953 892 4019 necessitatem
911 3951 1067 4018 ostendit:
1089 3952 1166 4034 quia
1217 3952 1415 4033 potentiores
1430 3971 1501 4018 esse
1518 3951 1669 4018 tenebras
1686 3953 1766 4032 luce,
1781 3965 1840 4019 aut
1853 3956 2000 4037 superari
2016 3956 2189 4021 vamtatem

191 4040 426 4108 occurrendum
460 4039 504 4103 sit
535 4038 679 4122 pannulo
713 4038 799 4121 qnod
831 4038 1002 4104 imminere
1030 4038 1165 4120 spiritus
1216 4036 1438 4103 emendacio:
1461 4036 1519 4104 sed
1536 4039 1644 4119 potius
1666 4051 1796 4104 nostrae
1816 4041 1959 4106 incuriae
1974 4042 2189 4124 ignaviaeque

185 4137 326 4194 sanctus
356 4125 537 4203 denuntiat,
567 4134 722 4190 venturos
750 4123 875 4190 scilicet
901 4124 998 4191 salsos
1020 4123 1165 4190 doctores
1216 4142 1339 4204 poenas
1355 4123 1481 4205 damus,
1503 4144 1603 4205 quum
1625 4125 1814 4191 abducimur
1836 4147 1856 4190 a
1878 4137 1965 4192 reeta
1987 4127 2105 4192 salutis
2127 4126 2189 4193 via.

189 4216 248 4295 qui
277 4232 384 4297 nugas
414 4231 472 4294 pro
491 4209 566 4275 fidei
589 4210 735 4277 doctrina
757 4209 950 4275 obtrudant:
972 4211 1038 4293 qui,
1062 4216 1163 4273 totam
1218 4206 1285 4275 Sed
1313 4209 1471 4275 obiiciunt
1501 4209 1555 4291 qui
1587 4210 1649 4275 eibi
1676 4213 1710 4275 in
1732 4213 1799 4277 suis
1821 4212 1984 4277 erroribus
2005 4212 2189 4297 indulgent,

191 4299 400 4364 sanctitatem
424 4296 618 4364 collocantes
639 4299 673 4361 in
696 4298 842 4363 externis
865 4296 1045 4372 exercitiis,
1075 4296 1165 4378 spiri·
1218 4297 1274 4357 vix
1313 4316 1405 4377 posse
1441 4295 1579 4361 discerni
1617 4317 1773 4380 quosnam
1807 4306 1864 4362 aut
1896 4299 2008 4381 quales
2041 4296 2190 4383 designet

182 4384 314 4449 ‘tualem
327 4383 391 4450 Dei
402 4384 537 4460 cultum,
552 4382 610 4466 qui
623 4382 711 4448 solus
727 4391 778 4448 est
792 4381 965 4468 legitimus,
981 4382 1178 4448 obscuranti
1207 4378 1350 4444 Paulus.
1395 4380 1498 4460 Quasi
1526 4399 1605 4445 vero
1634 4384 1768 4465 spiritus
1799 4382 1884 4448 hanc
1913 4384 2124 4467 prophetiam
2151 4384 2189 4447 de

177 4469 240 4536 Et
268 4488 347 4534 sane
376 4470 440 4534 init
470 4469 531 4534 hoo
561 4471 663 4534 servis
686 4466 750 4533 Dei
778 4477 971 4550 perpetuum
999 4477 1163 4532 certamen
1216 4463 1322 4529 nihilo
1352 4466 1489 4533 ediderit
1517 4474 1551 4530 st
1573 4477 1664 4532 tanto
1693 4480 1770 4534 ante
1791 4471 2057 4554 promulgaverit.
2104 4469 2188 4535 Nam

188 4576 265 4622 cum
288 4554 418 4635 talibus,
440 4555 553 4638 quales
575 4555 628 4618 hic
650 4553 797 4637 depingit
813 4553 947 4619 Paulus.
974 4551 1060 4633 Quia
1076 4553 1164 4617 anim
1218 4553 1245 4615 si
1268 4551 1396 4617 nullum
1420 4562 1470 4618 est
1498 4564 1623 4618 certum
1653 4553 1835 4632 discrimen,
1865 4575 2071 4639 supervacua
2098 4556 2189 4634 iuret,

189 4652 310 4710 natura
338 4640 488 4706 homines
517 4640 558 4705 ad
581 4640 767 4724 hypocrisin
791 4640 957 4722 teruntur,
986 4638 1078 4704 lacile
1098 4638 1178 4703 illis
1215 4636 1358 4720 adeoque
1380 4637 1519 4704 ridicula
1541 4649 1607 4704 tota
1629 4660 1783 4722 praeseus
1805 4641 1998 4707 admonitio:
2026 4640 2084 4706 sed
2104 4641 2190 4706 absit

170 4726 365 4812 persuadet
387 4727 509 4806 Satan,
539 4726 752 4793 caeremoniis
778 4735 813 4791 ει
834 4733 972 4790 externa
993 4723 1165 4807 discipline
1216 4734 1251 4788 ut
1267 4723 1391 4789 trustra
1412 4745 1472 4790 noa
1495 4724 1638 4791 territari
1662 4736 1813 4809 putemus
1836 4726 1933 4793 aDei
1955 4726 2084 4809 spiritu,
2106 4727 2192 4810 peri·

187 4816 252 4881 rite
280 4814 343 4881 ooli
365 4812 492 4878 Deum:
525 4812 591 4878 imo
621 4813 744 4895 absque
765 4812 923 4896 magistro
944 4810 1029 4877 hanc
1052 4830 1164 4875 omnes
1215 4807 1280 4873 culi
1315 4810 1561 4877 denuntiatione
1591 4833 1657 4876 non
1675 4810 1785 4878 wsimul
1813 4812 1941 4879 ostendi
1968 4812 2106 4879 cavendi
2136 4834 2188 4877 ra·

170 4902 259 4965 “fere
280 4901 524 4984 persuasionem
548 4899 667 4964 animis
689 4899 824 4963 infixam
847 4897 977 4963 habent.
1028 4895 1165 4961 Accedit
1215 4896 1348 4961 tionem.
1398 4898 1507 4980 Atque
1542 4897 1631 4962 illam
1666 4898 1861 4964 calumniam
1889 4899 1969 4964 satis
2002 4918 2060 4981 per
2082 4919 2117 4964 se
2139 4919 2187 4963 re

178 4996 301 5067 postea
334 4985 480 5052 Satanae
514 4992 604 5050 astus
639 4983 681 5049 ad
706 5003 860 5049 ¹errorem
893 4981 1163 5050 confirmandum.
1216 4982 1323 5046 lntant
1359 4983 1456 5048 Pauli
1491 4983 1601 5050 verba.
1656 4984 1742 5050 Nam
1779 4985 1871 5067 qussi
1908 4984 2010 5069 digito
2046 4984 2190 5050 ostendit

188 5069 274 5134 lude
295 5073 418 5138 tactum
437 5080 542 5139 estut
563 5068 870 5137 saeculisomnibus
892 5068 1081 5134 exstiterint
1102 5067 1163 5130 im·
1215 5068 1347 5147 malum,
1384 5067 1469 5152 quod
1502 5069 1693 5153 fugiendum
1726 5082 1844 5136 monet.
1888 5069 2001 5154 Neque
2034 5071 2122 5134 enim
2154 5070 2187 5134 in

184 5167 337 5241 pastores
360 5158 417 5240 qui
446 5157 577 5224 fictitios
606 5155 713 5222 eultns
743 5154 1017 5229 commendarent,
1047 5152 1163 5237 quibus
1215 5173 1335 5237 genere
1369 5154 1408 5220 de
1441 5155 1731 5239 pseudoprophetis
1760 5155 1860 5222 verba
1887 5156 1979 5233 lacit,
2013 5155 2070 5221 sed
2100 5155 2192 5221 clare

169 5239 386 5309 obruebatur
415 5263 493 5309 vera
515 5244 630 5327 pietas.
674 5241 780 5306 Porro
800 5240 881 5307 haec
903 5241 1005 5323 pestis
1026 5238 1163 5305 alteram
1215 5239 1356 5322 speeiem
1371 5241 1527 5323 exprimit
1548 5240 1648 5307 falsae
1671 5242 1852 5308 doetrinae:
1876 5262 1993 5325 nempe
2008 5261 2104 5324 quse,
2122 5243 2188 5326 pis·

188 3719 359 3764 samonem
380 3696 446 3762 Dei
467 3703 495 3761 et
510 3695 729 3779 prenestinum.
