4762 6016
186 405 252 470 123
810 401 955 468 ΙιΡῙΒΤ.
978 401 1122 471 PAULI
1145 400 1210 469 sl)
1232 401 1562 472 OOLOSSENSES
2132 406 2196 474 124

191 635 193 640 ι
270 592 320 660 14.
345 589 479 676 Propter
498 590 615 658 onmia
657 589 754 673 Quod
775 589 831 656 alii
853 593 1034 668 verterunt,
1061 609 1161 672 snper
1213 588 1357 674 Christo,
1379 597 1416 656 ut
1436 590 1522 657 inter
1542 612 1602 658 nos
1624 589 1774 659 vivamus
1796 591 1976 662 unanimes.
2022 594 2068 662 ut
2088 594 2193 674 addit,

184 679 295 745 omnia
318 676 411 759 haee,
432 696 492 778 pro
508 678 581 743 inan
605 697 650 756 er,
673 676 725 744 vel
740 682 870 762 praeter
884 674 982 742 haee:
1004 673 1162 760 frigidum
1212 677 1253 741 in
1282 696 1357 741 nno
1385 696 1569 760 eorpore:
1599 697 1664 761 quo
1686 679 1859 763 signifieat,
1889 700 1954 746 non
1976 679 2075 748 aliter
2095 680 2192 750 nobis

186 777 246 842 ast,
277 782 350 830 meo
379 761 509 830 indatio.
591 762 663 846 agis
688 762 890 843 oonseniret,
918 781 996 846 prae
1017 759 1070 826 bis
1091 779 1160 825 om·
1212 780 1287 828 oum
1319 761 1389 828 Deo
1421 763 1608 844 eonvenite,
1641 763 1705 829 nisi
1737 765 1824 830 inter
1856 785 1916 832 nos
1943 764 2192 848 oohaersamas,

185 851 293 917 nibus.
349 846 416 915 Sed
452 866 515 934 ego
546 847 820 934 signifieationem
851 848 941 912 voois
973 845 1025 913 sat
1057 845 1161 929 magis
1213 854 1372 930 mnqnam
1412 847 1508 915 unius
1545 848 1691 933 oorporis
1731 850 1886 917 membra.
1946 849 2062 934 Quam
2101 851 2191 920 iubet

187 937 342 1002 usitatam
364 935 456 1020 elegi.
500 933 586 1000 Nam
620 953 721 1018 quum
751 935 860 999 omnia
891 952 974 1017 qnae
1002 930 1161 998 haetenus
1212 941 1349 1018 gratos
1378 953 1477 1013 esse,
1503 953 1569 999 nou
1591 943 1658 1000 tam
1681 933 1935 1003 admemoriam
1957 936 2191 1006 benefitiorum

184 1023 348 1089 reoeusuit
371 1042 412 1085 ex
433 1020 570 1086 ιιιιιιιι
597 1028 749 1086 manent:
772 1019 889 1085 merito
906 1037 994 1086 nuno
1011 1016 1163 1082 hortatur
1213 1016 1246 1082 id
1278 1018 1395 1097 refero,
1427 1039 1526 1104 quam
1556 1018 1598 1085 ad
1627 1041 1756 1086 morum
1785 1022 1993 1089 suavitatem.
2045 1021 2125 1090 Ideo
2154 1032 2192 1090 ut

185 1107 395 1175 Colossenees
430 1107 517 1171 inter
548 1125 584 1170 ιι
617 1115 653 1169 ut
680 1106 850 1171 ιιιιιιιιιιι
890 1103 1014 1181 oolant,
1045 1121 1160 1168 eorum
1213 1102 1346 1169 tollatur
1366 1104 1573 1190 ambiguitas,
1595 1105 1691 1182 malo,
1713 1105 1785 1172 sitis
1802 1107 1978 1175 amabiles:
1999 1127 2193 1192 grangem

185 1211 300 1260 eausa:
323 1190 385 1257 hoe
399 1200 459 1271 ost,
476 1198 513 1256 ut
527 1190 595 1256 sint
609 1190 843 1268 miserioordes,
862 1189 1034 1270 mansneti,
1051 1188 1162 1254 laeiles
1210 1187 1314 1271 fateor
1338 1189 1370 1254 si
1397 1189 1697 1274 matidedu-aeneus
1724 1197 1847 1258 nostros
1874 1198 2004 1279 osope,
2032 1193 2107 1277 fieri
2126 1213 2192 1262 aon

185 1277 227 1344 ad
255 1277 499 1362 ignosoendum.
545 1276 594 1342 ho
622 1276 650 1342 si
677 1277 808 1356 dioeret,
835 1282 915 1343 tuno
937 1275 1007 1341 fore
1030 1274 1112 1340 tales
1133 1273 1162 1340 si
1206 1293 1302 1355 posse
1329 1275 1408 1357 quta
1435 1276 1480 1343 od
1504 1275 1672 1360 foemam
1699 1277 1782 1342 inter
1809 1298 1867 1346 noa
1886 1285 2033 1347 ιιιιιιιιιιιιι
2052 1299 2193 1348 omes

185 1363 354 1429 ueritatem
383 1360 535 1428 habeant.
580 1360 665 1427 Nam
691 1362 747 1428 nbi
768 1363 859 1428 deest
879 1361 1009 1439 soritas,
1038 1360 1162 1426 frustra
1207 1361 1360 1442 properti
1379 1360 1490 1428 simas.

185 1451 299 1514 omnia
328 1449 410 1513 haee
434 1449 655 1530 requiruntur.
699 1447 749 1514 Ao
770 1468 833 1531 quo
854 1448 958 1531 magis
979 1466 1051 1512 eam
1073 1465 1161 1512 oom-
1300 1445 1351 1511 16.
1386 1444 1494 1514 Sermo
1529 1445 1649 1514 Christi
1680 1446 1838 1517 inhabitet.
1892 1448 1975 1516 Vult
2010 1444 2191 1519 domrins'm

185 1533 333 1616 mendet,
370 1544 464 1598 vooat
501 1533 716 1598 vinoulum
756 1532 1059 1618 perleotionie:
1096 1549 1161 1629 quo
1212 1531 1375 1615 evangelii
1396 1531 1464 1600 illis
1485 1553 1556 1600 esee
1578 1532 1782 1602 familiarem.
1821 1534 1916 1602 Unde
1937 1536 2015 1604 dost
2036 1537 2192 1622 oolligere

186 1621 360 1705 signifieat,
391 1618 548 1684 virtutum
578 1619 725 1685 omnium
755 1619 892 1685 ohorum
915 1619 976 1683 snb
998 1637 1036 1683 ea
1057 1619 1161 1682 eontr-
1213 1636 1277 1699 quo
1298 1617 1416 1700 spiritu
1438 1617 1534 1685 hodie
1555 1627 1696 1703 agentur
1715 1620 1771 1703 qui
1788 1622 1944 1688 atrociter
1960 1622 2051 1688 illam
2071 1623 2191 1706 populo

186 1708 267 1772 neri.
320 1704 405 1770 Nam
438 1704 519 1771 haee
548 1724 625 1769 vere
659 1703 772 1789 regula
804 1714 854 1770 est
882 1704 983 1770 totius
1012 1702 1101 1767 vitae
1129 1708 1162 1765 et
1213 1701 1393 1768 christiano
1415 1703 1622 1782 intordiount,
1644 1724 1681 1770 ao
1700 1705 1898 1772 tumultuose
1915 1707 2097 1793 alamitant,
2119 1709 2193 1775 nul·

186 1795 332 1858 omnium
356 1790 529 1863 antianum,
560 1789 600 1855 ad
624 1809 719 1872 quam
744 1789 899 1874 quidquid
919 1811 984 1854 non
1007 1787 1161 1872 exigitur,
1214 1786 1279 1852 lam
1302 1796 1426 1870 pestem
1449 1790 1554 1875 magis
1576 1790 1756 1857 serendam
1779 1811 1850 1859 esse
1878 1814 1977 1876 quam
2010 1795 2192 1878 seripturae

186 1880 338 1942 vitiosum
352 1888 410 1956 est,
419 1874 675 1958 qualemounque
687 1876 806 1959 alioqui
819 1876 1021 1959 splendorem
1035 1873 1160 1939 hebeat.
1214 1872 1386 1939 leotionem
1409 1874 1495 1957 plebi
1517 1875 1653 1960 vulgari.
1697 1875 1781 1941 Nem
1804 1885 1894 1943 serta
1916 1878 2042 1946 Paulus
2063 1878 2118 1948 hio
2138 1901 2191 1946 or·

187 1965 278 2028 Boeo
300 1981 397 2027 eausa
419 1971 470 2026 ost
490 1980 549 2025 our
572 1972 706 2027 voretur
727 1961 782 2029 hio
801 1961 966 2028 vinoulnm
990 1959 1162 2043 perfeetio·
1214 1958 1329 2025 dinum
1356 1963 1505 2026 omnium
1527 1961 1614 2027 viros
1644 1980 1682 2026 ao
1710 1961 1864 2029 mulieres
1893 1964 2080 2049 alloquitur.
2123 1964 2192 2033 Nee

187 2051 246 2123 nis,
277 2048 353 2131 quia
384 2047 467 2111 nihil
493 2057 542 2111 est
563 2047 597 2111 in
620 2049 688 2112 vita
711 2060 822 2113 nostra
844 2048 926 2114 bene
947 2045 1161 2131 oompositum
1215 2053 1342 2109 tantum
1374 2045 1446 2111 vult
1478 2067 1533 2112 eos
1563 2057 1695 2112 tenuem
1724 2047 1885 2114 duntaxat
1912 2058 2046 2135 gustum
2076 2072 2192 2135 oapere

188 2132 276 2217 quod
304 2152 369 2196 nou
393 2131 434 2197 ad
457 2134 558 2217 ipsum
582 2133 759 2217 dirigatur:
788 2132 845 2199 eed
867 2132 1024 2216 quidquid
1047 2151 1161 2216 aggre-
1214 2130 1372 2196 sermonis
1395 2129 1530 2208 christi,
1553 2132 1609 2196 sed
1632 2132 1724 2198 iubet
1745 2141 1783 2198 ut
1804 2134 1840 2199 in
1861 2134 1941 2217 ipsis
1965 2136 2109 2203 habitet:
2132 2136 2191 2204 hoo

190 2220 309 2300 dimnr,
332 2238 421 2283 mera
445 2230 495 2282 eet
517 2218 695 2301 dissipatio.
736 2218 911 2287 Caeterum
936 2217 1064 2283 ridiouli
1085 2226 1164 2281 sunt
1215 2221 1276 2299 ost,
1298 2217 1397 2281 fixam
1421 2216 1532 2282 sedem
1554 2217 1682 2294 habeat,
1706 2219 1803 2303 idque
1826 2219 1971 2305 largiter,
2001 2242 2065 2305 quo
2088 2225 2192 2307 magis

190 2307 349 2388 papietae,
372 2304 424 2386 qui
449 2304 510 2368 hoo
539 2305 722 2368 testimonio
745 2305 924 2370 abutuntur
947 2303 988 2368 ad
1010 2303 1162 2369 iustifioa·
1216 2304 1250 2366 in
1274 2301 1343 2367 dies
1367 2304 1522 2385 prohoere
1539 2302 1703 2386 studeant,
1727 2323 1764 2369 ao
1781 2325 1937 2373 oresoere.
1975 2309 2102 2374 Verum
2118 2310 2192 2391 quia

191 2392 312 2537 tionem
348 2409 479 2537 opertum
511 2388 761 2540 [ιιιῗιιιιιιιιιᾏιιί.
796 2390 963 2540 desistat,
1000 2389 1164 2537 iniqiusiits
1216 2409 1258 2536 :l
1281 2388 1737 2540 mglbtiitsimpgaeposterumbetst
1759 2389 2193 2545 {iwwdibsstfflui'stuffi

189 2495 671 2644 {ippuepigoezeperoffleig
704 2496 934 2627 iuffloffilsst
949 2495 1165 2643 ¹0Reessplounsio
1218 2559 1258 2622 ad
1291 2559 1422 2624 inanem
1456 2495 1702 2640 ιηιιιιιῗιιιιὶιιιῐιιιιιειιιἶ1
1719 2496 1920 2646 ιιιιιιωιιιέιθιιιι
1953 2500 2192 2649 ιιοξιιηιιιιοιιο

191 2646 312 2729 duplex
336 2656 394 2711 est.
432 2644 515 2711 Nam
533 2644 657 2711 Paulus
681 2646 733 2712 hio
756 2668 818 2711 non
842 2646 985 2730 disputat
1005 2642 1166 2729 quomodo
1219 2643 1421 2709 adulterent:
1439 2644 1511 2711 ideo
1529 2646 1687 2731 adiungit,
1708 2647 1749 2711 in
1771 2650 1874 2715 omui
1897 2651 2106 2734 sapientia.
2144 2649 2193 2717 Ut

190 2731 326 2814 perleeti
357 2729 537 2796 reddantur
566 2732 714 2797 homines
742 2753 849 2798 ooram
881 2731 970 2798 Deo:
1000 2731 1057 2796 sed
1087 2750 1166 2814 quo·
1218 2731 1295 2795 inde
1323 2729 1449 2796 soilioet
1477 2730 1581 2797 edooti
1604 2733 1768 2815 sapiamus
1797 2734 1883 2817 quod
1909 2746 2043 2818 oportet.
2088 2735 2192 2802 Porro

191 2818 287 2882 modo
325 2818 465 2900 perfeeto
502 2818 589 2881 inter
626 2839 660 2882 se
694 2818 818 2883 vivant.
874 2819 936 2882 Est
968 2819 1054 2882 enim
1088 2816 1167 2880 haee
1219 2816 1409 2896 sapientiam
1431 2816 1518 2883 hano
1538 2817 1680 2883 breviter
1703 2817 1827 2903 definit,
1850 2828 1893 2885 ut
1919 2841 1962 2886 se
1986 2824 2102 2907 ipsos
2125 2821 2191 2887 do·

191 2905 334 2988 genuina
354 2902 415 2967 looi
439 2902 607 2987 expositio,
631 2902 756 2987 reliqua
779 2906 859 2969 bene
887 2903 1038 2969 habitura
1063 2900 1168 2985 quoad
1219 2910 1342 2966 oeant
1371 2900 1590 2969 Oolossenees.
1635 2902 1795 2970 Dootrina
1824 2906 1877 2971 hio
1905 2927 1965 2990 pro
1989 2906 2064 2973 utili
2085 2907 2190 2974 erudi-

193 2991 293 3055 vitem
317 2996 472 3066 nostram,
494 2989 521 3051 si
545 2987 656 3072 vigeat
678 2990 764 3053 inter
786 3011 845 3056 nos
866 2991 995 3056 ueritas.
1040 2989 1167 3052 Verum
1221 2987 1309 3050 tione
1337 2989 1472 3070 eapitur,
1503 3009 1586 3072 quae
1614 2987 1656 3053 ad
1684 2989 1942 3057 aedifioationem
1968 2993 2069 3074 valet,
2099 2993 2191 3061 siouti

192 3077 248 3141 illo
281 3093 443 3154 ooneesso,
477 3075 644 3139 ceritatem
675 3095 745 3141 esee
775 3077 949 3140 iustitiam:
984 3076 1105 3140 frustra
1134 3081 1168 3138 et
1220 3072 1260 3136 ad
1288 3072 1455 3138 Romanos
1482 3076 1589 3158 eapite
1618 3074 1668 3155 12,
1697 3076 1726 3155 t,
1754 3076 1810 3159 qui
1838 3076 1940 3157 deest,
1969 3080 2004 3143 in
2036 3077 2190 3147 doetriua

192 3162 361 3244 pueriliter
388 3160 465 3225 inde
494 3160 708 3244 contendunt,
738 3180 797 3226 nos
826 3160 961 3227 ueritate
988 3159 1167 3226 iustifioari.
1220 3159 1304 3223 ltem
1328 3159 1368 3224 ad
1392 3160 1616 3225 Timotheum:
1640 3161 1758 3228 Omnis
1772 3163 1932 3246 seriptura
1950 3165 1991 3230 ad
2011 3163 2192 3231 doeendum

193 3247 258 3313 Ubi
288 3247 374 3313 enim
405 3247 588 3330 reperietur
616 3247 760 3330 perfeeto
781 3245 924 3314 ueritas?
969 3245 1035 3311 Noe
1057 3255 1167 3311 autem
1221 3255 1271 3311 est
1294 3246 1382 3311 utilis
1403 3242 1446 3330 (2.
1471 3246 1553 3310 Tim.
1577 3246 1607 3326 3,
1631 3245 1696 3334 16).
1740 3247 1807 3314 Ηιι
1833 3269 1931 3316 verus
1951 3259 2002 3315 ost
2025 3270 2104 3317 usos
2125 3269 2192 3318 ser·

193 3353 259 3397 non
283 3332 356 3397 ideo
379 3330 516 3398 dicimus
538 3330 706 3397 iustifioari
729 3333 877 3399 homines
898 3333 968 3398 sola
989 3332 1064 3413 fide,
1092 3331 1170 3415 quia
1221 3332 1326 3395 monis
1358 3330 1494 3397 Ohristi.
1541 3331 1613 3397 Iam
1646 3353 1725 3400 vero
1759 3335 1836 3417 quia
1868 3335 2035 3401 interdum
2068 3356 2129 3420 per
2158 3355 2192 3402 se

194 3419 275 3502 legis
305 3416 491 3483 observatio
518 3437 584 3481 non
615 3417 658 3483 sit
687 3418 828 3483 iustitia:
857 3419 912 3486 sed
937 3420 1043 3501 potius
1071 3416 1167 3501 quod,
1221 3416 1369 3482 doetrina
1390 3416 1504 3499 friget:
1527 3437 1565 3483 ao
1586 3416 1875 3504 (quemadmodum
1897 3420 1951 3486 ille
1973 3421 2094 3505 inquit)
2115 3420 2192 3487 dum

194 3524 296 3586 quum
333 3523 447 3568 omues
480 3503 583 3570 simus
616 3514 874 3588 transgressores
896 3506 986 3589 legis,
1021 3504 1168 3569 destituti
1219 3501 1411 3585 simplieiter
1440 3501 1623 3569 ostenditur
1650 3503 1728 3588 quid
1759 3517 1883 3572 reatum
1910 3508 1961 3588 sit,
1991 3509 2097 3574 virtus
2124 3507 2192 3573 lau·

194 3589 482 3742 etth-thil
495 3589 826 3742 :titatium
840 3589 1167 3758 ιιᾞιῖιῖιῗέἶ·
1220 3586 1324 3738 :tlt
1339 3587 2020 3745 uti-‘tt‘:litltltttttttlt
2042 3613 2127 3745 ‘¹:3⁰
2144 3602 2192 3745 “ll

192 3763 277 3827 lauta
299 3695 348 3827 git
370 3761 497 3826 euntes.
684 3697 724 3759 pe
794 3698 843 3761 ’q
983 3697 1001 3759 q
1219 3757 1377 3843 intelligit
1408 3759 1549 3844 singulis
1578 3770 1705 3829 tantum
1735 3763 1889 3849 prodesse
1919 3762 2036 3830 debere
2067 3699 2192 3832 oboluisti

281 3848 331 3914 15.
363 3846 408 3911 Et
430 3867 500 3928 pua
528 3845 601 3912 Dei.
654 3846 772 3912 Paoem
803 3847 865 3914 Dei
896 3846 1040 3932 appellat
1069 3864 1168 3928 quam
1219 3864 1412 3930 sermonem,
1434 3856 1473 3912 ut
1494 3868 1528 3912 se
1550 3849 1636 3932 ipsos
1659 3849 1804 3930 dooeant,
1825 3849 1883 3915 sed
1905 3858 2052 3917 mutuam
2076 3850 2191 3918 doetri-

196 3933 287 3999 Deue
314 3935 401 3999 inter
424 3952 482 3997 nos
503 3933 658 3998 eanoivit:
689 3933 958 4016 quemadmodum
983 3929 1105 4017 patebit
1128 3953 1167 3996 ex
1220 3951 1296 3995 nam
1320 3939 1354 3995 et
1375 3932 1631 3999 admonitionem
1653 3935 1765 4019 exigit.

195 4019 417 4101 sequentibus.
455 4017 539 4082 Eam
555 4018 629 4082 vult
651 4018 685 4082 in
708 4018 858 4085 sordibus
880 4018 1002 4083 nostris
1020 4037 1168 4101 regnare.
1306 4015 1457 4103 Psalmis,
1485 4016 1620 4104 bannis.
1670 4019 1743 4086 Non
1772 4021 1940 4106 restringit
1968 4021 2095 4088 Christi
2124 4043 2190 4088 ser·

195 4104 262 4171 Sed
284 4104 388 4168 utitur
410 4102 602 4184 metaphora
621 4103 716 4170 valde
739 4105 880 4189 proprie.
918 4104 1004 4169 Nam
1026 4113 1063 4168 ut
1081 4104 1169 4168 inter
1220 4122 1349 4168 monem
1372 4105 1412 4167 ad
1436 4105 1496 4170 has
1517 4106 1649 4188 speeies,
1679 4106 1737 4170 sed
1760 4107 1865 4192 magis
1896 4109 2061 4192 signifieat
2090 4127 2190 4193 usque

195 4190 344 4265 athletas,
371 4190 427 4272 qni
449 4189 531 4253 alios
553 4209 666 4253 omnes
689 4192 865 4273 superavit,
894 4189 1035 4273 palmam
1059 4209 1168 4271 repor·
1220 4188 1301 4253 adeo
1323 4188 1364 4254 ad
1387 4190 1642 4256 aedifioationem
1673 4188 1791 4255 debere
1812 4213 1883 4258 esse
1905 4194 2102 4277 oompositos
2123 4212 2189 4260 om·

195 4288 262 4341 tat:
294 4277 340 4342 ita
362 4274 434 4341 vult
463 4293 574 4358 paoem
596 4273 661 4338 Dei
689 4277 889 4359 superiorem
919 4296 989 4342 esse
1018 4274 1169 4341 omnibus
1221 4295 1279 4340 nes
1295 4287 1423 4342 nostros
1438 4294 1612 4353 sermones,
1628 4278 1666 4339 nt
1680 4276 1779 4341 etiam
1791 4281 1846 4361 qni
1861 4278 2019 4344 hilaritati
2033 4279 2190 4357 serviunt,

195 4365 303 4427 earnis
339 4361 522 4438 affeotibua,
560 4359 616 4443 qni
650 4381 709 4426 nos
741 4381 836 4444 saepe
863 4361 904 4426 ad
934 4361 1169 4444 contentiones,
1220 4358 1303 4424 nihil
1326 4362 1455 4511 sapiant
1476 4379 1607 4425 renum.
1652 4363 1703 4426 Ao
1723 4361 1752 4426 si
1774 4362 1910 4431 diaeret:
1937 4363 2121 4432 ineredulis
2141 4364 2189 4430 in·

196 4446 338 4525 dissidia,
370 4448 468 4527 rixas,
490 4445 673 4511 simultates
696 4447 870 4532 abripiunt.
914 4446 1071 4513 Prohibet
1091 4466 1169 4530 ergo
1220 4453 1327 4527 eptam
1392 4467 1452 4511 ane
1489 4444 1736 4512 obleetationem
1777 4449 1966 4535 relinquite,
2007 4468 2109 4533 quam
2149 4472 2189 4515 ex

197 4551 238 4595 ne
278 4532 427 4597 fraenum
465 4531 574 4615 pravis
607 4531 766 4598 eiusmodi
802 4532 973 4601 affeotibus
1010 4533 1169 4598 laxemus.
1220 4529 1357 4598 ludiaris
1379 4540 1413 4596 et
1427 4531 1609 4615 nugatoriis
1626 4532 1705 4599 ioois
1719 4552 1757 4599 ao
1775 4535 1898 4602 laoetiis
1913 4536 2057 4687 saginat.
2079 4534 2190 4602 Vestri

196 4617 264 4684 Sed
282 4618 359 4701 qnia
377 4616 509 4684 diffieile
527 4626 577 4682 eet
594 4636 650 4684 eos
669 4638 826 4699 ooeroere,
844 4616 1024 4684 remedium
1043 4637 1170 4702 quoque
1220 4625 1330 4683 autem
1357 4637 1523 4682 sermones
1552 4637 1616 4683 nou
1646 4621 1750 4683 severi
1779 4620 1886 4702 modo,
1914 4642 1949 4687 se
1994 4622 2093 4688 etiam
2115 4620 2191 4688 laeti

197 4703 356 4770 ostendit:
389 4712 427 4768 ut
459 4722 558 4788 penes
591 4703 655 4769 Dei
688 4724 797 4788 paoem
831 4705 874 4770 sit
910 4706 1061 4772 viatoria:
1094 4705 1171 4789 quia
1220 4712 1254 4767 et
1274 4702 1406 4785 hilares,
1437 4701 1609 4768 utilitatem
1634 4702 1775 4788 aliquam
1797 4708 1998 4774 eontineant.
2041 4707 2109 4774 Pro
2135 4707 2190 4774 ob·

197 4791 346 4856 fraenum
378 4808 449 4855 esse
482 4802 620 4873 oportet,
654 4811 716 4875 quo
747 4811 861 4857 omnes
893 4793 1001 4858 earnis
1034 4790 1170 4857 effeetus
1220 4789 1345 4856 sooeuis
1373 4788 1504 4855 illorum
1532 4787 1718 4869 uentilante,
1747 4801 1804 4856 aut
1832 4793 1948 4859 saltem
1978 4807 2096 4880 parum
2125 4812 2190 4859 mo

196 4874 419 4942 oohibeantnr.
470 4874 549 4940 Ideo
578 4875 665 4953 dioit,
695 4877 734 4942 in
767 4876 964 4944 cordibus:
997 4877 1075 4960 qnia
1103 4875 1170 4943 illie
1221 4874 1320 4941 destis
1346 4884 1380 4941 et
1408 4874 1572 4959 gravibus,
1607 4873 1724 4942 deoent
1756 4896 1816 4943 vos
1845 4876 1962 4963 hymni
1993 4885 2039 4945 ιι
2054 4880 2191 4961 nubea,

199 4964 358 5027 sentimus
380 4960 509 5027 assidue
529 4963 677 5046 ingentes
700 4983 836 5048 pugnas,
858 4963 935 5028 dum
958 4982 1032 5028 oaro
1052 4980 1171 5029 ooneu·
1221 4981 1305 5045 quae
1334 4971 1488 5027 resonent
1514 4958 1644 5026 laudem
1669 4961 1740 5028 Dei.
1785 4962 1888 5028 Porro
1916 4962 1979 5030 sub
2007 4964 2060 5032 his
2087 4963 2190 5032 tribue

198 5048 294 5128 pisoit
315 5047 471 5114 adversus
533 5048 656 5113 iritum.
694 5048 879 5115 Membrum
896 5047 967 5129 hoo,
988 5046 1035 5114 ad
1056 5066 1169 5132 quam
1221 5046 1406 5113 nominibus
1434 5047 1624 5132 oomplsxue
1644 5057 1694 5113 est
1719 5069 1815 5115 omne
1870 5069 1952 5116 enus
1981 5049 2189 5119 sardeorum.

198 5135 295 5198 estis
326 5136 474 5212 voeati,
523 5132 644 5198 eolarat·
666 5135 772 5218 qualis
791 5137 835 5200 sit
856 5136 922 5200 ista
942 5151 1022 5217 pax:
1053 5153 1170 5216 nempe
1220 5131 1314 5215 Quae
1335 5133 1381 5198 ita
1409 5131 1464 5198 vul
1530 5133 1746 5218 distinguunt,
1776 5142 1813 5200 ut
1862 5135 1986 5204 salmas
2006 5136 2050 5203 sit
2071 5137 2108 5203 in
2129 5157 2191 5222 quo

197 5220 557 5373 :tttttttttt
580 5238 646 5373 :t
662 5217 1170 5373 lutzthttttltttt
1219 5217 1621 5391 :tttfflt'dltt
1647 5220 2192 5391 ''liidie“{sslllieiill'idlh
