<?xml version="1.0" encoding="UTF-8"?>
<!DOCTYPE html PUBLIC "-//W3C//DTD XHTML 1.0 Transitional//EN"
    "http://www.w3.org/TR/xhtml1/DTD/xhtml1-transitional.dtd">
<html xmlns="http://www.w3.org/1999/xhtml" xml:lang="en" lang="en">
 <head>
  <title>
</title>
<meta http-equiv="Content-Type" content="text/html;charset=utf-8" />
  <meta name='ocr-system' content='tesseract 3.04.00' />
  <meta name='ocr-capabilities' content='ocr_page ocr_carea ocr_par ocr_line ocrx_word'/>
</head>
<body>
  <div class='ocr_page' id='page_1' title='image "./ioanniscalvinio00calvgoog_0570.png"; bbox 0 0 4762 6016; ppageno 0'>
   <div class='ocr_carea' id='block_1_1' title="bbox 188 302 2197 373">
    <p class='ocr_par' dir='ltr' id='par_1_1' title="bbox 188 302 2197 373">
     <span class='ocr_line' id='line_1_1' title="bbox 188 302 2197 373; baseline 0.002 -4"><span class='ocrx_word' id='word_1_1' title='bbox 188 304 252 370; x_wconf 81' lang='lat'><strong>349</strong></span> <span class='ocrx_word' id='word_1_2' title='bbox 1099 302 1249 371; x_wconf 73' lang='lat' dir='ltr'>CAPUT</span> <span class='ocrx_word' id='word_1_3' title='bbox 1271 302 1300 373; x_wconf 92' lang='lat'><strong>1.</strong></span> <span class='ocrx_word' id='word_1_4' title='bbox 2132 307 2197 373; x_wconf 77' lang='lat'><strong>350</strong></span> 
     </span>
    </p>
   </div>
   <div class='ocr_carea' id='block_1_2' title="bbox 108 492 2197 5312">
    <p class='ocr_par' dir='ltr' id='par_1_2' title="bbox 188 492 2197 665">
     <span class='ocr_line' id='line_1_2' title="bbox 188 492 2197 665; baseline -0.001 -16"><span class='ocrx_word' id='word_1_5' title='bbox 188 495 509 649; x_wconf 49' lang='lat' dir='ltr'><strong>memus</strong></span> <span class='ocrx_word' id='word_1_6' title='bbox 523 498 635 578; x_wconf 53' lang='lat' dir='ltr'><strong>“m</strong></span> <span class='ocrx_word' id='word_1_7' title='bbox 655 495 699 562; x_wconf 61' lang='lat'><strong>⁸³²</strong></span> <span class='ocrx_word' id='word_1_8' title='bbox 719 494 892 579; x_wconf 47' lang='lat' dir='ltr'><strong>mmm</strong></span> <span class='ocrx_word' id='word_1_9' title='bbox 920 514 1023 562; x_wconf 56' lang='lat' dir='ltr'><em>&#39;&#39;m&#39;‘</em></span> <span class='ocrx_word' id='word_1_10' title='bbox 1043 513 1170 562; x_wconf 73' lang='lat'><strong>⁸⁰&#39;¹&#39;“⁷⁶</strong></span> <span class='ocrx_word' id='word_1_11' title='bbox 1219 492 1618 665; x_wconf 57' lang='lat' dir='ltr'><strong>tllhttludtlt</strong></span> <span class='ocrx_word' id='word_1_12' title='bbox 1643 493 2116 647; x_wconf 59' lang='lat' dir='ltr'><strong>tlttttltmqltltt</strong></span> <span class='ocrx_word' id='word_1_13' title='bbox 2135 495 2197 646; x_wconf 72' lang='lat' dir='ltr'><strong>‘ll‘</strong></span> 
     </span>
    </p>

    <p class='ocr_par' dir='ltr' id='par_1_3' title="bbox 188 663 2197 2384">
     <span class='ocr_line' id='line_1_3' title="bbox 278 663 2196 851; baseline 0.001 -32"><span class='ocrx_word' id='word_1_14' title='bbox 278 753 308 819; x_wconf 88' lang='grc'><strong>6.</strong></span> <span class='ocrx_word' id='word_1_15' title='bbox 333 751 514 851; x_wconf 64' lang='lat' dir='ltr'><strong>Propterea.</strong></span> <span class='ocrx_word' id='word_1_16' title='bbox 559 750 633 833; x_wconf 83' lang='lat' dir='ltr'><strong>Quo</strong></span> <span class='ocrx_word' id='word_1_17' title='bbox 663 751 820 835; x_wconf 85' lang='lat' dir='ltr'><strong>ampliore</strong></span> <span class='ocrx_word' id='word_1_18' title='bbox 849 752 914 818; x_wconf 90' lang='lat' dir='ltr'><strong>Dei</strong></span> <span class='ocrx_word' id='word_1_19' title='bbox 942 752 1047 837; x_wconf 87' lang='lat' dir='ltr'><strong>gratie</strong></span> <span class='ocrx_word' id='word_1_20' title='bbox 1075 771 1167 834; x_wconf 88' lang='lat' dir='ltr'><strong>prae·</strong></span> <span class='ocrx_word' id='word_1_21' title='bbox 1220 663 2196 837; x_wconf 38' lang='lat' dir='ltr'><strong>ffimnoogullgzitritgtaqngrleltaeonnglpvgrtgditqunrirgingffitlrss</strong></span> 
     </span>
     <span class='ocr_line' id='line_1_4' title="bbox 190 837 2197 923; baseline -0.001 -17"><span class='ocrx_word' id='word_1_22' title='bbox 190 839 280 907; x_wconf 89' lang='lat' dir='ltr'><strong>ditus</strong></span> <span class='ocrx_word' id='word_1_23' title='bbox 317 846 388 906; x_wconf 89' lang='lat' dir='ltr'><strong>erat</strong></span> <span class='ocrx_word' id='word_1_24' title='bbox 421 838 624 922; x_wconf 73' lang='lat' dir='ltr'><strong>Timotheus,</strong></span> <span class='ocrx_word' id='word_1_25' title='bbox 665 858 703 904; x_wconf 90' lang='lat' dir='ltr'><strong>eo</strong></span> <span class='ocrx_word' id='word_1_26' title='bbox 742 838 847 923; x_wconf 89' lang='lat' dir='ltr'><strong>magis</strong></span> <span class='ocrx_word' id='word_1_27' title='bbox 877 837 972 904; x_wconf 91' lang='lat' dir='ltr'><strong>illum</strong></span> <span class='ocrx_word' id='word_1_28' title='bbox 1004 838 1168 903; x_wconf 90' lang='lat' dir='ltr'><strong>intentum</strong></span> <span class='ocrx_word' id='word_1_29' title='bbox 1220 840 1327 907; x_wconf 83' lang='lat' dir='ltr'><strong>saneti</strong></span> <span class='ocrx_word' id='word_1_30' title='bbox 1357 839 1488 905; x_wconf 85' lang='lat' dir='ltr'><strong>virtute.</strong></span> <span class='ocrx_word' id='word_1_31' title='bbox 1533 838 1708 905; x_wconf 86' lang='lat' dir='ltr'><strong>Praeterea</strong></span> <span class='ocrx_word' id='word_1_32' title='bbox 1736 838 1868 923; x_wconf 85' lang='lat' dir='ltr'><strong>signum</strong></span> <span class='ocrx_word' id='word_1_33' title='bbox 1896 856 1955 920; x_wconf 89' lang='lat' dir='ltr'><strong>pro</strong></span> <span class='ocrx_word' id='word_1_34' title='bbox 1983 842 2052 903; x_wconf 90' lang='lat' dir='ltr'><strong>tota</strong></span> <span class='ocrx_word' id='word_1_35' title='bbox 2080 858 2115 904; x_wconf 90' lang='lat' dir='ltr'><strong>re</strong></span> <span class='ocrx_word' id='word_1_36' title='bbox 2142 838 2197 904; x_wconf 79' lang='lat' dir='ltr'><strong>vel</strong></span> 
     </span>
     <span class='ocr_line' id='line_1_5' title="bbox 191 921 2197 1008; baseline -0.001 -16"><span class='ocrx_word' id='word_1_37' title='bbox 191 945 264 992; x_wconf 88' lang='lat' dir='ltr'><strong>esee</strong></span> <span class='ocrx_word' id='word_1_38' title='bbox 294 924 414 991; x_wconf 91' lang='lat' dir='ltr'><strong>debere</strong></span> <span class='ocrx_word' id='word_1_39' title='bbox 442 921 607 1008; x_wconf 86' lang='lat' dir='ltr'><strong>signifieat</strong></span> <span class='ocrx_word' id='word_1_40' title='bbox 635 923 677 989; x_wconf 92' lang='lat' dir='ltr'><strong>ad</strong></span> <span class='ocrx_word' id='word_1_41' title='bbox 708 924 886 1008; x_wconf 90' lang='lat' dir='ltr'><strong>quotidiani</strong></span> <span class='ocrx_word' id='word_1_42' title='bbox 915 923 1078 1008; x_wconf 85' lang='lat' dir='ltr'><strong>proleotue</strong></span> <span class='ocrx_word' id='word_1_43' title='bbox 1100 931 1169 988; x_wconf 91' lang='lat' dir='ltr'><strong>stu·</strong></span> <span class='ocrx_word' id='word_1_44' title='bbox 1222 925 1351 992; x_wconf 88' lang='lat' dir='ltr'><strong>aetione</strong></span> <span class='ocrx_word' id='word_1_45' title='bbox 1374 925 1493 1007; x_wconf 88' lang='lat' dir='ltr'><strong>aooipit</strong></span> <span class='ocrx_word' id='word_1_46' title='bbox 1515 923 1647 990; x_wconf 86' lang='lat' dir='ltr'><strong>Paulus.</strong></span> <span class='ocrx_word' id='word_1_47' title='bbox 1692 924 1869 1008; x_wconf 76' lang='lat' dir='ltr'><strong>Significat</strong></span> <span class='ocrx_word' id='word_1_48' title='bbox 1890 923 1978 988; x_wconf 91' lang='lat' dir='ltr'><strong>enim</strong></span> <span class='ocrx_word' id='word_1_49' title='bbox 2000 923 2197 990; x_wconf 87' lang='lat' dir='ltr'><strong>instruetum</strong></span> 
     </span>
     <span class='ocr_line' id='line_1_6' title="bbox 191 1008 2197 1097; baseline -0 -20"><span class='ocrx_word' id='word_1_50' title='bbox 191 1011 292 1078; x_wconf 88' lang='lat' dir='ltr'><strong>dium.</strong></span> <span class='ocrx_word' id='word_1_51' title='bbox 336 1008 489 1077; x_wconf 87' lang='lat' dir='ltr'><strong>Notauda</strong></span> <span class='ocrx_word' id='word_1_52' title='bbox 524 1017 575 1076; x_wconf 83' lang='lat' dir='ltr'><strong>eet</strong></span> <span class='ocrx_word' id='word_1_53' title='bbox 610 1009 697 1076; x_wconf 90' lang='lat' dir='ltr'><strong>enim</strong></span> <span class='ocrx_word' id='word_1_54' title='bbox 731 1009 858 1078; x_wconf 86' lang='lat' dir='ltr'><strong>illativa</strong></span> <span class='ocrx_word' id='word_1_55' title='bbox 887 1010 1046 1093; x_wconf 82' lang='lat' dir='ltr'><strong>partioula</strong></span> <span class='ocrx_word' id='word_1_56' title='bbox 1073 1029 1169 1093; x_wconf 83' lang='lat' dir='ltr'><strong>prop</strong></span> <span class='ocrx_word' id='word_1_57' title='bbox 1221 1012 1323 1077; x_wconf 84' lang='lat' dir='ltr'><strong>tuisse</strong></span> <span class='ocrx_word' id='word_1_58' title='bbox 1356 1012 1463 1097; x_wconf 87' lang='lat' dir='ltr'><strong>gretia</strong></span> <span class='ocrx_word' id='word_1_59' title='bbox 1492 1010 1712 1091; x_wconf 74' lang='lat' dir='ltr'><strong>Timotheum,</strong></span> <span class='ocrx_word' id='word_1_60' title='bbox 1745 1031 1845 1093; x_wconf 93' lang='lat' dir='ltr'><strong>quum</strong></span> <span class='ocrx_word' id='word_1_61' title='bbox 1875 1008 2005 1075; x_wconf 89' lang='lat' dir='ltr'><strong>oblatus</strong></span> <span class='ocrx_word' id='word_1_62' title='bbox 2034 1009 2096 1074; x_wconf 83' lang='lat' dir='ltr'><strong>tuit</strong></span> <span class='ocrx_word' id='word_1_63' title='bbox 2126 1009 2197 1076; x_wconf 89' lang='lat' dir='ltr'><strong>Deo</strong></span> 
     </span>
     <span class='ocr_line' id='line_1_7' title="bbox 190 1094 2196 1179; baseline -0.001 -16"><span class='ocrx_word' id='word_1_64' title='bbox 190 1103 289 1163; x_wconf 71' lang='lat' dir='ltr'><strong>uren</strong></span> <span class='ocrx_word' id='word_1_65' title='bbox 328 1096 393 1162; x_wconf 74' lang='lat' dir='ltr'><strong>last</strong></span> <span class='ocrx_word' id='word_1_66' title='bbox 408 1103 517 1162; x_wconf 88' lang='lat' dir='ltr'><strong>autem</strong></span> <span class='ocrx_word' id='word_1_67' title='bbox 533 1095 607 1179; x_wconf 85' lang='lat' dir='ltr'><strong>plue</strong></span> <span class='ocrx_word' id='word_1_68' title='bbox 622 1116 721 1178; x_wconf 90' lang='lat' dir='ltr'><strong>quam</strong></span> <span class='ocrx_word' id='word_1_69' title='bbox 743 1096 927 1162; x_wconf 86' lang='lat' dir='ltr'><strong>neeessaria</strong></span> <span class='ocrx_word' id='word_1_70' title='bbox 947 1094 1028 1163; x_wconf 84' lang='lat' dir='ltr'><strong>haee</strong></span> <span class='ocrx_word' id='word_1_71' title='bbox 1050 1095 1170 1161; x_wconf 85' lang='lat' dir='ltr'><strong>exhor·</strong></span> <span class='ocrx_word' id='word_1_72' title='bbox 1222 1097 1382 1163; x_wconf 81' lang='lat' dir='ltr'><strong>minister.</strong></span> <span class='ocrx_word' id='word_1_73' title='bbox 1434 1095 1486 1160; x_wconf 93' lang='lat' dir='ltr'><strong>Ita</strong></span> <span class='ocrx_word' id='word_1_74' title='bbox 1521 1097 1555 1161; x_wconf 93' lang='lat' dir='ltr'><strong>in</strong></span> <span class='ocrx_word' id='word_1_75' title='bbox 1589 1095 1651 1162; x_wconf 91' lang='lat' dir='ltr'><strong>hao</strong></span> <span class='ocrx_word' id='word_1_76' title='bbox 1683 1096 1870 1179; x_wconf 80' lang='lat' dir='ltr'><strong>loquutione</strong></span> <span class='ocrx_word' id='word_1_77' title='bbox 1903 1105 1953 1160; x_wconf 88' lang='lat' dir='ltr'><strong>eet</strong></span> <span class='ocrx_word' id='word_1_78' title='bbox 1984 1095 2196 1179; x_wconf 81' lang='lat' dir='ltr'><strong>syneodoohe</strong></span> 
     </span>
     <span class='ocr_line' id='line_1_8' title="bbox 193 1180 2197 1266; baseline -0.001 -18"><span class='ocrx_word' id='word_1_79' title='bbox 193 1181 284 1249; x_wconf 87' lang='lat' dir='ltr'><strong>tatio.</strong></span> <span class='ocrx_word' id='word_1_80' title='bbox 320 1181 412 1248; x_wconf 75' lang='lat' dir='ltr'><strong>Fieri</strong></span> <span class='ocrx_word' id='word_1_81' title='bbox 426 1181 513 1247; x_wconf 91' lang='lat' dir='ltr'><strong>enim</strong></span> <span class='ocrx_word' id='word_1_82' title='bbox 528 1182 621 1259; x_wconf 91' lang='lat' dir='ltr'><strong>solet,</strong></span> <span class='ocrx_word' id='word_1_83' title='bbox 644 1191 678 1248; x_wconf 90' lang='lat' dir='ltr'><strong>et</strong></span> <span class='ocrx_word' id='word_1_84' title='bbox 692 1190 742 1248; x_wconf 88' lang='lat' dir='ltr'><strong>eet</strong></span> <span class='ocrx_word' id='word_1_85' title='bbox 757 1181 996 1266; x_wconf 90' lang='lat' dir='ltr'><strong>quodammodo</strong></span> <span class='ocrx_word' id='word_1_86' title='bbox 1012 1181 1170 1260; x_wconf 88' lang='lat' dir='ltr'><strong>neturale,</strong></span> <span class='ocrx_word' id='word_1_87' title='bbox 1222 1181 1290 1248; x_wconf 80' lang='lat' dir='ltr'><strong>Sed</strong></span> <span class='ocrx_word' id='word_1_88' title='bbox 1319 1182 1470 1248; x_wconf 82' lang='lat' dir='ltr'><strong>obiicitur</strong></span> <span class='ocrx_word' id='word_1_89' title='bbox 1498 1182 1561 1247; x_wconf 92' lang='lat' dir='ltr'><strong>alia</strong></span> <span class='ocrx_word' id='word_1_90' title='bbox 1591 1183 1771 1248; x_wconf 76' lang='lat' dir='ltr'><strong>etiamnum</strong></span> <span class='ocrx_word' id='word_1_91' title='bbox 1800 1181 1956 1265; x_wconf 89' lang='lat' dir='ltr'><strong>quaestio.</strong></span> <span class='ocrx_word' id='word_1_92' title='bbox 2001 1180 2084 1246; x_wconf 89' lang='lat' dir='ltr'><strong>Nam</strong></span> <span class='ocrx_word' id='word_1_93' title='bbox 2111 1181 2197 1247; x_wconf 90' lang='lat' dir='ltr'><strong>siin</strong></span> 
     </span>
     <span class='ocr_line' id='line_1_9' title="bbox 191 1266 2197 1351; baseline -0.002 -17"><span class='ocrx_word' id='word_1_94' title='bbox 191 1277 230 1334; x_wconf 90' lang='lat' dir='ltr'><strong>ut</strong></span> <span class='ocrx_word' id='word_1_95' title='bbox 245 1266 611 1334; x_wconf 87' lang='lat' dir='ltr'><strong>douorumexeellentia</strong></span> <span class='ocrx_word' id='word_1_96' title='bbox 627 1267 836 1334; x_wconf 87' lang='lat' dir='ltr'><strong>seouritatem</strong></span> <span class='ocrx_word' id='word_1_97' title='bbox 852 1268 970 1351; x_wconf 84' lang='lat' dir='ltr'><strong>pariat,</strong></span> <span class='ocrx_word' id='word_1_98' title='bbox 985 1269 1036 1334; x_wconf 91' lang='lat' dir='ltr'><strong>oui</strong></span> <span class='ocrx_word' id='word_1_99' title='bbox 1052 1267 1170 1333; x_wconf 90' lang='lat' dir='ltr'><strong>deinde</strong></span> <span class='ocrx_word' id='word_1_100' title='bbox 1221 1288 1282 1334; x_wconf 89' lang='lat' dir='ltr'><strong>sua</strong></span> <span class='ocrx_word' id='word_1_101' title='bbox 1321 1269 1452 1333; x_wconf 91' lang='lat' dir='ltr'><strong>demum</strong></span> <span class='ocrx_word' id='word_1_102' title='bbox 1485 1266 1688 1334; x_wconf 90' lang='lat' dir='ltr'><strong>ordinatione</strong></span> <span class='ocrx_word' id='word_1_103' title='bbox 1721 1268 1860 1351; x_wconf 79' lang='lat' dir='ltr'><strong>gretiam</strong></span> <span class='ocrx_word' id='word_1_104' title='bbox 1893 1277 2114 1350; x_wconf 88' lang='lat' dir='ltr'><strong>eousequutus</strong></span> <span class='ocrx_word' id='word_1_105' title='bbox 2146 1276 2197 1332; x_wconf 90' lang='lat' dir='ltr'><strong>est</strong></span> 
     </span>
     <span class='ocr_line' id='line_1_10' title="bbox 192 1351 2196 1438; baseline -0.001 -18"><span class='ocrx_word' id='word_1_106' title='bbox 192 1352 316 1420; x_wconf 78' lang='lat' dir='ltr'><strong>amedit</strong></span> <span class='ocrx_word' id='word_1_107' title='bbox 330 1374 439 1421; x_wconf 84' lang='lat' dir='ltr'><strong>eomes</strong></span> <span class='ocrx_word' id='word_1_108' title='bbox 453 1353 595 1438; x_wconf 83' lang='lat' dir='ltr'><strong>ignavia.</strong></span> <span class='ocrx_word' id='word_1_109' title='bbox 629 1353 677 1419; x_wconf 83' lang='lat' dir='ltr'><strong>Et</strong></span> <span class='ocrx_word' id='word_1_110' title='bbox 690 1355 725 1419; x_wconf 91' lang='lat' dir='ltr'><strong>in</strong></span> <span class='ocrx_word' id='word_1_111' title='bbox 749 1352 810 1420; x_wconf 90' lang='lat' dir='ltr'><strong>hoo</strong></span> <span class='ocrx_word' id='word_1_112' title='bbox 831 1363 989 1438; x_wconf 87' lang='lat' dir='ltr'><strong>perpetuo</strong></span> <span class='ocrx_word' id='word_1_113' title='bbox 1011 1351 1171 1420; x_wconf 91' lang='lat' dir='ltr'><strong>inoumbit</strong></span> <span class='ocrx_word' id='word_1_114' title='bbox 1221 1352 1413 1420; x_wconf 72' lang='lat' dir='ltr'><strong>Timotheus</strong></span> <span class='ocrx_word' id='word_1_115' title='bbox 1457 1354 1585 1420; x_wconf 88' lang='lat' dir='ltr'><strong>muneri</strong></span> <span class='ocrx_word' id='word_1_116' title='bbox 1629 1374 1687 1419; x_wconf 88' lang='lat' dir='ltr'><strong>suo</strong></span> <span class='ocrx_word' id='word_1_117' title='bbox 1732 1354 1917 1438; x_wconf 88' lang='lat' dir='ltr'><strong>peragendo</strong></span> <span class='ocrx_word' id='word_1_118' title='bbox 1961 1353 2196 1419; x_wconf 83' lang='lat' dir='ltr'><strong>neeessariam:</strong></span> 
     </span>
     <span class='ocr_line' id='line_1_11' title="bbox 193 1435 2196 1525; baseline -0.001 -20"><span class='ocrx_word' id='word_1_119' title='bbox 193 1435 311 1517; x_wconf 80' lang='lat' dir='ltr'><strong>Satan,</strong></span> <span class='ocrx_word' id='word_1_120' title='bbox 334 1445 372 1504; x_wconf 92' lang='lat' dir='ltr'><strong>ut</strong></span> <span class='ocrx_word' id='word_1_121' title='bbox 394 1439 551 1522; x_wconf 92' lang='lat' dir='ltr'><strong>quidquid</strong></span> <span class='ocrx_word' id='word_1_122' title='bbox 573 1440 607 1503; x_wconf 85' lang='lat' dir='ltr'><strong>ih</strong></span> <span class='ocrx_word' id='word_1_123' title='bbox 630 1439 724 1505; x_wconf 92' lang='lat' dir='ltr'><strong>nobis</strong></span> <span class='ocrx_word' id='word_1_124' title='bbox 745 1454 795 1505; x_wconf 89' lang='lat' dir='ltr'><strong>est</strong></span> <span class='ocrx_word' id='word_1_125' title='bbox 815 1439 891 1520; x_wconf 92' lang='lat' dir='ltr'><strong>Dei,</strong></span> <span class='ocrx_word' id='word_1_126' title='bbox 918 1440 1065 1506; x_wconf 83' lang='lat' dir='ltr'><strong>sulluoet.</strong></span> <span class='ocrx_word' id='word_1_127' title='bbox 1110 1435 1169 1504; x_wconf 82' lang='lat' dir='ltr'><strong>Se·</strong></span> <span class='ocrx_word' id='word_1_128' title='bbox 1221 1439 1327 1525; x_wconf 88' lang='lat' dir='ltr'><strong>qualis</strong></span> <span class='ocrx_word' id='word_1_129' title='bbox 1354 1438 1415 1505; x_wconf 84' lang='lat' dir='ltr'><strong>luit</strong></span> <span class='ocrx_word' id='word_1_130' title='bbox 1444 1439 1559 1506; x_wconf 87' lang='lat' dir='ltr'><strong>eleotio</strong></span> <span class='ocrx_word' id='word_1_131' title='bbox 1585 1440 1728 1505; x_wconf 90' lang='lat' dir='ltr'><strong>hominis</strong></span> <span class='ocrx_word' id='word_1_132' title='bbox 1755 1439 1898 1506; x_wconf 93' lang='lat' dir='ltr'><strong>nondum</strong></span> <span class='ocrx_word' id='word_1_133' title='bbox 1922 1437 2029 1504; x_wconf 93' lang='lat' dir='ltr'><strong>idonei</strong></span> <span class='ocrx_word' id='word_1_134' title='bbox 2051 1447 2109 1504; x_wconf 88' lang='lat' dir='ltr'><strong>aut</strong></span> <span class='ocrx_word' id='word_1_135' title='bbox 2130 1438 2196 1504; x_wconf 80' lang='lat' dir='ltr'><strong>for·</strong></span> 
     </span>
     <span class='ocr_line' id='line_1_12' title="bbox 190 1522 2196 1608; baseline 0 -19"><span class='ocrx_word' id='word_1_136' title='bbox 190 1523 271 1590; x_wconf 89' lang='lat' dir='ltr'><strong>dulo</strong></span> <span class='ocrx_word' id='word_1_137' title='bbox 292 1524 403 1607; x_wconf 90' lang='lat' dir='ltr'><strong>itaque</strong></span> <span class='ocrx_word' id='word_1_138' title='bbox 424 1544 484 1591; x_wconf 87' lang='lat' dir='ltr'><strong>nos</strong></span> <span class='ocrx_word' id='word_1_139' title='bbox 505 1533 621 1592; x_wconf 81' lang='lat' dir='ltr'><strong>eontra</strong></span> <span class='ocrx_word' id='word_1_140' title='bbox 643 1524 725 1590; x_wconf 90' lang='lat' dir='ltr'><strong>eniti</strong></span> <span class='ocrx_word' id='word_1_141' title='bbox 750 1525 851 1604; x_wconf 91' lang='lat' dir='ltr'><strong>deeet,</strong></span> <span class='ocrx_word' id='word_1_142' title='bbox 882 1531 918 1591; x_wconf 91' lang='lat' dir='ltr'><strong>ut</strong></span> <span class='ocrx_word' id='word_1_143' title='bbox 939 1523 1097 1608; x_wconf 89' lang='lat' dir='ltr'><strong>quidquid</strong></span> <span class='ocrx_word' id='word_1_144' title='bbox 1118 1523 1168 1588; x_wconf 91' lang='lat' dir='ltr'><strong>iu·</strong></span> <span class='ocrx_word' id='word_1_145' title='bbox 1221 1526 1311 1604; x_wconf 81' lang='lat' dir='ltr'><strong>mati,</strong></span> <span class='ocrx_word' id='word_1_146' title='bbox 1333 1524 1391 1592; x_wconf 87' lang='lat' dir='ltr'><strong>sad</strong></span> <span class='ocrx_word' id='word_1_147' title='bbox 1415 1523 1478 1590; x_wconf 91' lang='lat' dir='ltr'><strong>Dei</strong></span> <span class='ocrx_word' id='word_1_148' title='bbox 1501 1524 1586 1590; x_wconf 92' lang='lat' dir='ltr'><strong>dono</strong></span> <span class='ocrx_word' id='word_1_149' title='bbox 1608 1525 1715 1592; x_wconf 89' lang='lat' dir='ltr'><strong>adhuo</strong></span> <span class='ocrx_word' id='word_1_150' title='bbox 1737 1526 1832 1591; x_wconf 87' lang='lat' dir='ltr'><strong>vaeui</strong></span> <span class='ocrx_word' id='word_1_151' title='bbox 1855 1535 1889 1590; x_wconf 87' lang='lat' dir='ltr'><strong>et</strong></span> <span class='ocrx_word' id='word_1_152' title='bbox 1910 1522 2079 1590; x_wconf 82' lang='lat' dir='ltr'><strong>destituti?</strong></span> <span class='ocrx_word' id='word_1_153' title='bbox 2115 1524 2196 1590; x_wconf 85' lang='lat' dir='ltr'><strong>Res·</strong></span> 
     </span>
     <span class='ocr_line' id='line_1_13' title="bbox 192 1606 2196 1695; baseline -0 -19"><span class='ocrx_word' id='word_1_154' title='bbox 192 1609 345 1676; x_wconf 72' lang='lat' dir='ltr'><strong>ohortum</strong></span> <span class='ocrx_word' id='word_1_155' title='bbox 377 1617 429 1676; x_wconf 92' lang='lat' dir='ltr'><strong>est</strong></span> <span class='ocrx_word' id='word_1_156' title='bbox 461 1609 539 1676; x_wconf 92' lang='lat' dir='ltr'><strong>boni</strong></span> <span class='ocrx_word' id='word_1_157' title='bbox 565 1610 602 1674; x_wconf 90' lang='lat' dir='ltr'><strong>iu</strong></span> <span class='ocrx_word' id='word_1_158' title='bbox 628 1610 731 1691; x_wconf 82' lang='lat' dir='ltr'><strong>nobie,</strong></span> <span class='ocrx_word' id='word_1_159' title='bbox 763 1609 979 1693; x_wconf 86' lang='lat' dir='ltr'><strong>expoliamus:</strong></span> <span class='ocrx_word' id='word_1_160' title='bbox 1012 1618 1052 1676; x_wconf 92' lang='lat' dir='ltr'><strong>ut</strong></span> <span class='ocrx_word' id='word_1_161' title='bbox 1084 1606 1170 1692; x_wconf 89' lang='lat' dir='ltr'><strong>qnod</strong></span> <span class='ocrx_word' id='word_1_162' title='bbox 1221 1611 1358 1694; x_wconf 81' lang='lat' dir='ltr'><strong>pondes,</strong></span> <span class='ocrx_word' id='word_1_163' title='bbox 1386 1633 1452 1676; x_wconf 92' lang='lat' dir='ltr'><strong>non</strong></span> <span class='ocrx_word' id='word_1_164' title='bbox 1482 1611 1528 1676; x_wconf 92' lang='lat' dir='ltr'><strong>ita</strong></span> <span class='ocrx_word' id='word_1_165' title='bbox 1558 1612 1657 1677; x_wconf 82' lang='lat' dir='ltr'><strong>luisse</strong></span> <span class='ocrx_word' id='word_1_166' title='bbox 1687 1622 1767 1677; x_wconf 90' lang='lat' dir='ltr'><strong>tuno</strong></span> <span class='ocrx_word' id='word_1_167' title='bbox 1788 1610 1836 1676; x_wconf 92' lang='lat' dir='ltr'><strong>illi</strong></span> <span class='ocrx_word' id='word_1_168' title='bbox 1859 1608 1981 1691; x_wconf 87' lang='lat' dir='ltr'><strong>datum,</strong></span> <span class='ocrx_word' id='word_1_169' title='bbox 2003 1611 2082 1694; x_wconf 91' lang='lat' dir='ltr'><strong>quin</strong></span> <span class='ocrx_word' id='word_1_170' title='bbox 2105 1611 2196 1695; x_wconf 85' lang='lat' dir='ltr'><strong>prius</strong></span> 
     </span>
     <span class='ocr_line' id='line_1_14' title="bbox 193 1694 2197 1779; baseline -0.001 -17"><span class='ocrx_word' id='word_1_171' title='bbox 193 1705 294 1779; x_wconf 89' lang='lat' dir='ltr'><strong>tepet,</strong></span> <span class='ocrx_word' id='word_1_172' title='bbox 329 1696 554 1763; x_wconf 78' lang='lat' dir='ltr'><strong>amandemus.</strong></span> <span class='ocrx_word' id='word_1_173' title='bbox 606 1694 691 1762; x_wconf 91' lang='lat' dir='ltr'><strong>Nam</strong></span> <span class='ocrx_word' id='word_1_174' title='bbox 725 1696 926 1778; x_wconf 73' lang='lat' dir='ltr'><strong>metaphora,</strong></span> <span class='ocrx_word' id='word_1_175' title='bbox 960 1715 1024 1779; x_wconf 85' lang='lat' dir='ltr'><strong>qua</strong></span> <span class='ocrx_word' id='word_1_176' title='bbox 1047 1695 1170 1762; x_wconf 91' lang='lat' dir='ltr'><strong>Paulus</strong></span> <span class='ocrx_word' id='word_1_177' title='bbox 1221 1696 1366 1763; x_wconf 71' lang='lat' dir='ltr'><strong>haberet,</strong></span> <span class='ocrx_word' id='word_1_178' title='bbox 1401 1696 1537 1763; x_wconf 81' lang='lat' dir='ltr'><strong>Certum</strong></span> <span class='ocrx_word' id='word_1_179' title='bbox 1556 1706 1605 1763; x_wconf 86' lang='lat' dir='ltr'><strong>est</strong></span> <span class='ocrx_word' id='word_1_180' title='bbox 1628 1701 1717 1763; x_wconf 91' lang='lat' dir='ltr'><strong>euim</strong></span> <span class='ocrx_word' id='word_1_181' title='bbox 1741 1706 1773 1763; x_wconf 94' lang='lat' dir='ltr'><strong>et</strong></span> <span class='ocrx_word' id='word_1_182' title='bbox 1795 1695 1944 1763; x_wconf 88' lang='lat' dir='ltr'><strong>doetrina</strong></span> <span class='ocrx_word' id='word_1_183' title='bbox 1966 1705 1998 1760; x_wconf 96' lang='lat' dir='ltr'><strong>et</strong></span> <span class='ocrx_word' id='word_1_184' title='bbox 2020 1696 2093 1761; x_wconf 88' lang='lat' dir='ltr'><strong>aliis</strong></span> <span class='ocrx_word' id='word_1_185' title='bbox 2115 1694 2197 1761; x_wconf 89' lang='lat' dir='ltr'><strong>doti·</strong></span> 
     </span>
     <span class='ocr_line' id='line_1_15' title="bbox 194 1779 2196 1868; baseline -0.001 -21"><span class='ocrx_word' id='word_1_186' title='bbox 194 1783 312 1858; x_wconf 88' lang='lat' dir='ltr'><strong>utitur,</strong></span> <span class='ocrx_word' id='word_1_187' title='bbox 333 1789 465 1863; x_wconf 88' lang='lat' dir='ltr'><strong>sumpta</strong></span> <span class='ocrx_word' id='word_1_188' title='bbox 479 1789 529 1846; x_wconf 90' lang='lat' dir='ltr'><strong>eet</strong></span> <span class='ocrx_word' id='word_1_189' title='bbox 552 1779 592 1847; x_wconf 88' lang='lat' dir='ltr'><strong>ab</strong></span> <span class='ocrx_word' id='word_1_190' title='bbox 614 1783 692 1866; x_wconf 90' lang='lat' dir='ltr'><strong>igne</strong></span> <span class='ocrx_word' id='word_1_191' title='bbox 713 1784 841 1866; x_wconf 85' lang='lat' dir='ltr'><strong>exiguo,</strong></span> <span class='ocrx_word' id='word_1_192' title='bbox 864 1781 915 1848; x_wconf 83' lang='lat' dir='ltr'><strong>vel</strong></span> <span class='ocrx_word' id='word_1_193' title='bbox 936 1782 992 1866; x_wconf 92' lang='lat' dir='ltr'><strong>qui</strong></span> <span class='ocrx_word' id='word_1_194' title='bbox 1013 1780 1169 1865; x_wconf 88' lang='lat' dir='ltr'><strong>paulatim</strong></span> <span class='ocrx_word' id='word_1_195' title='bbox 1222 1783 1282 1850; x_wconf 92' lang='lat' dir='ltr'><strong>bus</strong></span> <span class='ocrx_word' id='word_1_196' title='bbox 1313 1784 1404 1865; x_wconf 90' lang='lat' dir='ltr'><strong>prius</strong></span> <span class='ocrx_word' id='word_1_197' title='bbox 1434 1803 1509 1847; x_wconf 94' lang='lat' dir='ltr'><strong>eum</strong></span> <span class='ocrx_word' id='word_1_198' title='bbox 1538 1783 1740 1868; x_wconf 87' lang='lat' dir='ltr'><strong>uxoelluisse,</strong></span> <span class='ocrx_word' id='word_1_199' title='bbox 1769 1804 1868 1866; x_wconf 91' lang='lat' dir='ltr'><strong>quam</strong></span> <span class='ocrx_word' id='word_1_200' title='bbox 1890 1782 2013 1848; x_wconf 91' lang='lat' dir='ltr'><strong>Paulus</strong></span> <span class='ocrx_word' id='word_1_201' title='bbox 2037 1803 2113 1846; x_wconf 94' lang='lat' dir='ltr'><strong>eum</strong></span> <span class='ocrx_word' id='word_1_202' title='bbox 2135 1783 2196 1846; x_wconf 94' lang='lat' dir='ltr'><strong>mi·</strong></span> 
     </span>
     <span class='ocr_line' id='line_1_16' title="bbox 193 1866 2197 1951; baseline -0 -19"><span class='ocrx_word' id='word_1_203' title='bbox 193 1867 472 1951; x_wconf 70' lang='lat' dir='ltr'><strong>exstingueretur,</strong></span> <span class='ocrx_word' id='word_1_204' title='bbox 503 1867 568 1934; x_wconf 87' lang='lat' dir='ltr'><strong>nisi</strong></span> <span class='ocrx_word' id='word_1_205' title='bbox 595 1867 760 1934; x_wconf 89' lang='lat' dir='ltr'><strong>flabellum</strong></span> <span class='ocrx_word' id='word_1_206' title='bbox 789 1866 926 1934; x_wconf 77' lang='lat' dir='ltr'><strong>subinde</strong></span> <span class='ocrx_word' id='word_1_207' title='bbox 956 1866 1169 1943; x_wconf 83' lang='lat' dir='ltr'><strong>admovendo,</strong></span> <span class='ocrx_word' id='word_1_208' title='bbox 1221 1869 1357 1937; x_wconf 90' lang='lat' dir='ltr'><strong>nisterio</strong></span> <span class='ocrx_word' id='word_1_209' title='bbox 1397 1869 1584 1935; x_wconf 85' lang='lat' dir='ltr'><strong>destinaret.</strong></span> <span class='ocrx_word' id='word_1_210' title='bbox 1644 1868 1710 1936; x_wconf 87' lang='lat' dir='ltr'><strong>Sed</strong></span> <span class='ocrx_word' id='word_1_211' title='bbox 1751 1869 1884 1934; x_wconf 91' lang='lat' dir='ltr'><strong>minime</strong></span> <span class='ocrx_word' id='word_1_212' title='bbox 1923 1866 2099 1933; x_wconf 86' lang='lat' dir='ltr'><strong>absurdum</strong></span> <span class='ocrx_word' id='word_1_213' title='bbox 2138 1876 2197 1948; x_wconf 86' lang='lat' dir='ltr'><strong>eet,</strong></span> 
     </span>
     <span class='ocr_line' id='line_1_17' title="bbox 192 1950 2195 2041; baseline -0 -22"><span class='ocrx_word' id='word_1_214' title='bbox 192 1960 227 2020; x_wconf 88' lang='lat' dir='ltr'><strong>et</strong></span> <span class='ocrx_word' id='word_1_215' title='bbox 258 1950 388 2035; x_wconf 85' lang='lat' dir='ltr'><strong>liguum</strong></span> <span class='ocrx_word' id='word_1_216' title='bbox 419 1967 542 2018; x_wconf 82' lang='lat' dir='ltr'><strong>novum</strong></span> <span class='ocrx_word' id='word_1_217' title='bbox 574 1951 763 2037; x_wconf 91' lang='lat' dir='ltr'><strong>ingerendo,</strong></span> <span class='ocrx_word' id='word_1_218' title='bbox 799 1955 886 2020; x_wconf 82' lang='lat' dir='ltr'><strong>vires</strong></span> <span class='ocrx_word' id='word_1_219' title='bbox 918 1960 1101 2021; x_wconf 86' lang='lat' dir='ltr'><strong>resumeret</strong></span> <span class='ocrx_word' id='word_1_220' title='bbox 1132 1972 1170 2018; x_wconf 89' lang='lat' dir='ltr'><strong>ao</strong></span> <span class='ocrx_word' id='word_1_221' title='bbox 1222 1977 1323 2041; x_wconf 92' lang='lat' dir='ltr'><strong>quum</strong></span> <span class='ocrx_word' id='word_1_222' title='bbox 1346 1954 1439 2020; x_wconf 89' lang='lat' dir='ltr'><strong>Deus</strong></span> <span class='ocrx_word' id='word_1_223' title='bbox 1468 1975 1568 2038; x_wconf 90' lang='lat' dir='ltr'><strong>opera</strong></span> <span class='ocrx_word' id='word_1_224' title='bbox 1598 1955 1701 2038; x_wconf 89' lang='lat' dir='ltr'><strong>ipsius</strong></span> <span class='ocrx_word' id='word_1_225' title='bbox 1730 1955 1778 2022; x_wconf 93' lang='lat' dir='ltr'><strong>uti</strong></span> <span class='ocrx_word' id='word_1_226' title='bbox 1810 1953 1917 2034; x_wconf 85' lang='lat' dir='ltr'><strong>vellet,</strong></span> <span class='ocrx_word' id='word_1_227' title='bbox 1947 1952 2091 2037; x_wconf 91' lang='lat' dir='ltr'><strong>adeoque</strong></span> <span class='ocrx_word' id='word_1_228' title='bbox 2119 1972 2195 2018; x_wconf 92' lang='lat' dir='ltr'><strong>eum</strong></span> 
     </span>
     <span class='ocr_line' id='line_1_18' title="bbox 192 2037 2197 2127; baseline 0.001 -25"><span class='ocrx_word' id='word_1_229' title='bbox 192 2037 370 2103; x_wconf 85' lang='lat' dir='ltr'><strong>flammam.</strong></span> <span class='ocrx_word' id='word_1_230' title='bbox 420 2037 563 2105; x_wconf 83' lang='lat' dir='ltr'><strong>Proinde</strong></span> <span class='ocrx_word' id='word_1_231' title='bbox 595 2040 840 2106; x_wconf 88' lang='lat' dir='ltr'><strong>meminerimus</strong></span> <span class='ocrx_word' id='word_1_232' title='bbox 873 2038 906 2104; x_wconf 92' lang='lat' dir='ltr'><strong>iu</strong></span> <span class='ocrx_word' id='word_1_233' title='bbox 939 2060 1037 2106; x_wconf 89' lang='lat' dir='ltr'><strong>usum</strong></span> <span class='ocrx_word' id='word_1_234' title='bbox 1066 2037 1167 2122; x_wconf 87' lang='lat' dir='ltr'><strong>appli·</strong></span> <span class='ocrx_word' id='word_1_235' title='bbox 1223 2046 1379 2122; x_wconf 84' lang='lat' dir='ltr'><strong>voeesset,</strong></span> <span class='ocrx_word' id='word_1_236' title='bbox 1409 2051 1487 2107; x_wconf 89' lang='lat' dir='ltr'><strong>tune</strong></span> <span class='ocrx_word' id='word_1_237' title='bbox 1517 2061 1643 2125; x_wconf 91' lang='lat' dir='ltr'><strong>quoque</strong></span> <span class='ocrx_word' id='word_1_238' title='bbox 1672 2044 1777 2127; x_wconf 88' lang='lat' dir='ltr'><strong>magis</strong></span> <span class='ocrx_word' id='word_1_239' title='bbox 1805 2050 1933 2123; x_wconf 82' lang='lat' dir='ltr'><strong>aptasse</strong></span> <span class='ocrx_word' id='word_1_240' title='bbox 1960 2051 1993 2104; x_wconf 91' lang='lat' dir='ltr'><strong>et</strong></span> <span class='ocrx_word' id='word_1_241' title='bbox 2013 2037 2197 2107; x_wconf 86' lang='lat' dir='ltr'><strong>oumnlaese</strong></span> 
     </span>
     <span class='ocr_line' id='line_1_19' title="bbox 194 2121 2197 2211; baseline -0.001 -21"><span class='ocrx_word' id='word_1_242' title='bbox 194 2121 299 2190; x_wconf 74' lang='lat' dir='ltr'><strong>muda</strong></span> <span class='ocrx_word' id='word_1_243' title='bbox 327 2142 399 2189; x_wconf 90' lang='lat' dir='ltr'><strong>esse</strong></span> <span class='ocrx_word' id='word_1_244' title='bbox 426 2123 509 2191; x_wconf 87' lang='lat' dir='ltr'><strong>dona</strong></span> <span class='ocrx_word' id='word_1_245' title='bbox 530 2122 606 2210; x_wconf 92' lang='lat' dir='ltr'><strong>Dei,</strong></span> <span class='ocrx_word' id='word_1_246' title='bbox 636 2146 678 2190; x_wconf 93' lang='lat' dir='ltr'><strong>ue</strong></span> <span class='ocrx_word' id='word_1_247' title='bbox 706 2125 893 2211; x_wconf 73' lang='lat' dir='ltr'><strong>rubiginem</strong></span> <span class='ocrx_word' id='word_1_248' title='bbox 916 2126 1019 2192; x_wconf 91' lang='lat' dir='ltr'><strong>otiosa</strong></span> <span class='ocrx_word' id='word_1_249' title='bbox 1040 2135 1074 2191; x_wconf 89' lang='lat' dir='ltr'><strong>et</strong></span> <span class='ocrx_word' id='word_1_250' title='bbox 1094 2144 1170 2209; x_wconf 85' lang='lat' dir='ltr'><strong>sup·</strong></span> <span class='ocrx_word' id='word_1_251' title='bbox 1221 2148 1297 2194; x_wconf 90' lang='lat' dir='ltr'><strong>eum</strong></span> <span class='ocrx_word' id='word_1_252' title='bbox 1317 2126 1531 2194; x_wconf 86' lang='lat' dir='ltr'><strong>nuvisdouis:</strong></span> <span class='ocrx_word' id='word_1_253' title='bbox 1554 2127 1608 2193; x_wconf 83' lang='lat' dir='ltr'><strong>vel</strong></span> <span class='ocrx_word' id='word_1_254' title='bbox 1632 2128 1748 2211; x_wconf 88' lang='lat' dir='ltr'><strong>priora,</strong></span> <span class='ocrx_word' id='word_1_255' title='bbox 1772 2146 1854 2209; x_wconf 82' lang='lat' dir='ltr'><strong>quae</strong></span> <span class='ocrx_word' id='word_1_256' title='bbox 1875 2126 2070 2209; x_wconf 87' lang='lat' dir='ltr'><strong>eontulerat,</strong></span> <span class='ocrx_word' id='word_1_257' title='bbox 2092 2123 2197 2209; x_wconf 89' lang='lat' dir='ltr'><strong>dupli·</strong></span> 
     </span>
     <span class='ocr_line' id='line_1_20' title="bbox 193 2209 2197 2297; baseline 0 -23"><span class='ocrx_word' id='word_1_258' title='bbox 193 2227 308 2293; x_wconf 86' lang='lat' dir='ltr'><strong>pressa</strong></span> <span class='ocrx_word' id='word_1_259' title='bbox 328 2210 536 2278; x_wconf 85' lang='lat' dir='ltr'><strong>oontrahaut.</strong></span> <span class='ocrx_word' id='word_1_260' title='bbox 572 2210 824 2278; x_wconf 83' lang='lat' dir='ltr'><strong>Meminerimus</strong></span> <span class='ocrx_word' id='word_1_261' title='bbox 845 2213 943 2278; x_wconf 88' lang='lat' dir='ltr'><strong>etiam</strong></span> <span class='ocrx_word' id='word_1_262' title='bbox 966 2211 1113 2277; x_wconf 81' lang='lat' dir='ltr'><strong>studios‘e</strong></span> <span class='ocrx_word' id='word_1_263' title='bbox 1135 2211 1170 2274; x_wconf 93' lang='lat' dir='ltr'><strong>in</strong></span> <span class='ocrx_word' id='word_1_264' title='bbox 1221 2234 1321 2281; x_wconf 80' lang='lat' dir='ltr'><strong>rasse.</strong></span> <span class='ocrx_word' id='word_1_265' title='bbox 1370 2211 1446 2278; x_wconf 89' lang='lat' dir='ltr'><strong>Non</strong></span> <span class='ocrx_word' id='word_1_266' title='bbox 1479 2233 1556 2297; x_wconf 87' lang='lat' dir='ltr'><strong>ergo</strong></span> <span class='ocrx_word' id='word_1_267' title='bbox 1587 2213 1677 2296; x_wconf 92' lang='lat' dir='ltr'><strong>prius</strong></span> <span class='ocrx_word' id='word_1_268' title='bbox 1705 2215 1739 2278; x_wconf 93' lang='lat' dir='ltr'><strong>iu</strong></span> <span class='ocrx_word' id='word_1_269' title='bbox 1768 2209 1939 2278; x_wconf 73' lang='lat' dir='ltr'><strong>&#39;l‘imotheo</strong></span> <span class='ocrx_word' id='word_1_270' title='bbox 1969 2211 2097 2276; x_wconf 90' lang='lat' dir='ltr'><strong>nullum</strong></span> <span class='ocrx_word' id='word_1_271' title='bbox 2127 2215 2197 2275; x_wconf 86' lang='lat' dir='ltr'><strong>erat</strong></span> 
     </span>
     <span class='ocr_line' id='line_1_21' title="bbox 188 2293 2195 2384; baseline 0 -24"><span class='ocrx_word' id='word_1_272' title='bbox 188 2293 262 2361; x_wconf 75' lang='lat' dir='ltr'><strong>tttis</strong></span> <span class='ocrx_word' id='word_1_273' title='bbox 276 2294 511 2379; x_wconf 90' lang='lat' dir='ltr'><strong>profioiendum</strong></span> <span class='ocrx_word' id='word_1_274' title='bbox 528 2315 610 2377; x_wconf 88' lang='lat' dir='ltr'><strong>esse,</strong></span> <span class='ocrx_word' id='word_1_275' title='bbox 632 2318 674 2363; x_wconf 93' lang='lat' dir='ltr'><strong>ue</strong></span> <span class='ocrx_word' id='word_1_276' title='bbox 688 2297 820 2383; x_wconf 84' lang='lat' dir='ltr'><strong>ignaria</strong></span> <span class='ocrx_word' id='word_1_277' title='bbox 835 2309 945 2366; x_wconf 86' lang='lat' dir='ltr'><strong>nostra</strong></span> <span class='ocrx_word' id='word_1_278' title='bbox 959 2297 1168 2364; x_wconf 81' lang='lat' dir='ltr'><strong>suffurantur.</strong></span> <span class='ocrx_word' id='word_1_279' title='bbox 1221 2300 1353 2377; x_wconf 90' lang='lat' dir='ltr'><strong>donum,</strong></span> <span class='ocrx_word' id='word_1_280' title='bbox 1374 2300 1432 2364; x_wconf 88' lang='lat' dir='ltr'><strong>sed</strong></span> <span class='ocrx_word' id='word_1_281' title='bbox 1454 2300 1560 2384; x_wconf 89' lang='lat' dir='ltr'><strong>magis</strong></span> <span class='ocrx_word' id='word_1_282' title='bbox 1582 2309 1660 2366; x_wconf 92' lang='lat' dir='ltr'><strong>tuno</strong></span> <span class='ocrx_word' id='word_1_283' title='bbox 1682 2299 1801 2365; x_wconf 88' lang='lat' dir='ltr'><strong>enituit</strong></span> <span class='ocrx_word' id='word_1_284' title='bbox 1823 2317 1922 2382; x_wconf 91' lang='lat' dir='ltr'><strong>quum</strong></span> <span class='ocrx_word' id='word_1_285' title='bbox 1938 2295 1984 2362; x_wconf 92' lang='lat' dir='ltr'><strong>illi</strong></span> <span class='ocrx_word' id='word_1_286' title='bbox 2007 2297 2195 2381; x_wconf 88' lang='lat' dir='ltr'><strong>impositum</strong></span> 
     </span>
    </p>

    <p class='ocr_par' dir='ltr' id='par_1_4' title="bbox 108 2378 2196 5312">
     <span class='ocr_line' id='line_1_22' title="bbox 286 2378 1555 2466; baseline 0.005 -19"><span class='ocrx_word' id='word_1_287' title='bbox 286 2378 374 2462; x_wconf 73' lang='lat' dir='ltr'><strong>Quod</strong></span> <span class='ocrx_word' id='word_1_288' title='bbox 400 2381 437 2447; x_wconf 79' lang='lat' dir='ltr'><strong>ir</strong></span> <span class='ocrx_word' id='word_1_289' title='bbox 463 2385 493 2448; x_wconf 83' lang='lat' dir='ltr'><strong>te</strong></span> <span class='ocrx_word' id='word_1_290' title='bbox 516 2386 561 2448; x_wconf 85' lang='lat' dir='ltr'><strong>est</strong></span> <span class='ocrx_word' id='word_1_291' title='bbox 574 2402 636 2464; x_wconf 81' lang='lat' dir='ltr'><strong>per</strong></span> <span class='ocrx_word' id='word_1_292' title='bbox 655 2382 893 2466; x_wconf 75' lang='lat' dir='ltr'><strong>irepoeitionem</strong></span> <span class='ocrx_word' id='word_1_293' title='bbox 936 2383 1013 2450; x_wconf 90' lang='lat' dir='ltr'><strong>Nun</strong></span> <span class='ocrx_word' id='word_1_294' title='bbox 1035 2382 1169 2451; x_wconf 93' lang='lat' dir='ltr'><strong>dubium</strong></span> <span class='ocrx_word' id='word_1_295' title='bbox 1220 2387 1281 2452; x_wconf 82' lang='lat' dir='ltr'><strong>tuit</strong></span> <span class='ocrx_word' id='word_1_296' title='bbox 1302 2384 1439 2452; x_wconf 91' lang='lat' dir='ltr'><strong>doeendi</strong></span> <span class='ocrx_word' id='word_1_297' title='bbox 1461 2403 1555 2453; x_wconf 89' lang='lat' dir='ltr'><strong>onus.</strong></span> 
     </span>
     <span class='ocr_line' id='line_1_23' title="bbox 108 2466 2194 2552; baseline 0.002 -23"><span class='ocrx_word' id='word_1_298' title='bbox 108 2524 110 2529; x_wconf 86' lang='lat'><em>.</em></span> <span class='ocrx_word' id='word_1_299' title='bbox 192 2472 246 2533; x_wconf 87' lang='lat' dir='ltr'><strong>eet</strong></span> <span class='ocrx_word' id='word_1_300' title='bbox 274 2467 353 2550; x_wconf 91' lang='lat' dir='ltr'><strong>quin</strong></span> <span class='ocrx_word' id='word_1_301' title='bbox 383 2466 482 2533; x_wconf 82' lang='lat' dir='ltr'><strong>luerit</strong></span> <span class='ocrx_word' id='word_1_302' title='bbox 507 2468 735 2535; x_wconf 88' lang='lat' dir='ltr'><strong>eommunibus</strong></span> <span class='ocrx_word' id='word_1_303' title='bbox 767 2469 922 2538; x_wconf 87' lang='lat' dir='ltr'><strong>eoolasiae</strong></span> <span class='ocrx_word' id='word_1_304' title='bbox 954 2472 1039 2541; x_wconf 85' lang='lat' dir='ltr'><strong>votis</strong></span> <span class='ocrx_word' id='word_1_305' title='bbox 1071 2486 1167 2550; x_wconf 85' lang='lat' dir='ltr'><strong>expe·</strong></span> <span class='ocrx_word' id='word_1_306' title='bbox 1308 2471 1337 2537; x_wconf 77' lang='lat' dir='ltr'><strong>l.</strong></span> <span class='ocrx_word' id='word_1_307' title='bbox 1361 2471 1435 2536; x_wconf 82' lang='lat' dir='ltr'><strong>Non</strong></span> <span class='ocrx_word' id='word_1_308' title='bbox 1462 2471 1546 2537; x_wconf 80' lang='lat' dir='ltr'><strong>enim</strong></span> <span class='ocrx_word' id='word_1_309' title='bbox 1567 2470 1652 2537; x_wconf 78' lang='lat' dir='ltr'><strong>dedit</strong></span> <span class='ocrx_word' id='word_1_310' title='bbox 1671 2468 1767 2536; x_wconf 83' lang='lat' dir='ltr'><strong>nobis.</strong></span> <span class='ocrx_word' id='word_1_311' title='bbox 1812 2468 2027 2535; x_wconf 82' lang='lat' dir='ltr'><strong>Confirmatio</strong></span> <span class='ocrx_word' id='word_1_312' title='bbox 2048 2475 2098 2534; x_wconf 88' lang='lat' dir='ltr'><strong>eat</strong></span> <span class='ocrx_word' id='word_1_313' title='bbox 2119 2486 2194 2552; x_wconf 88' lang='lat' dir='ltr'><strong>pro·</strong></span> 
     </span>
     <span class='ocr_line' id='line_1_24' title="bbox 195 2551 2196 2646; baseline 0 -30"><span class='ocrx_word' id='word_1_314' title='bbox 195 2553 277 2618; x_wconf 89' lang='lat' dir='ltr'><strong>titus</strong></span> <span class='ocrx_word' id='word_1_315' title='bbox 298 2551 501 2632; x_wconf 66' lang='lat' dir='ltr'><strong>Timotheus,</strong></span> <span class='ocrx_word' id='word_1_316' title='bbox 540 2575 607 2621; x_wconf 91' lang='lat' dir='ltr'><strong>uun</strong></span> <span class='ocrx_word' id='word_1_317' title='bbox 640 2564 749 2622; x_wconf 86' lang='lat' dir='ltr'><strong>autem</strong></span> <span class='ocrx_word' id='word_1_318' title='bbox 774 2554 899 2625; x_wconf 87' lang='lat' dir='ltr'><strong>eleotus</strong></span> <span class='ocrx_word' id='word_1_319' title='bbox 919 2559 1048 2646; x_wconf 83' lang='lat' dir='ltr'><strong>privetu</strong></span> <span class='ocrx_word' id='word_1_320' title='bbox 1070 2559 1168 2625; x_wconf 85' lang='lat' dir='ltr'><strong>unius</strong></span> <span class='ocrx_word' id='word_1_321' title='bbox 1220 2558 1331 2623; x_wconf 67' lang='lat' dir='ltr'><strong>murae</strong></span> <span class='ocrx_word' id='word_1_322' title='bbox 1359 2557 1555 2636; x_wconf 89' lang='lat' dir='ltr'><strong>sententiae,</strong></span> <span class='ocrx_word' id='word_1_323' title='bbox 1588 2576 1653 2641; x_wconf 87' lang='lat' dir='ltr'><strong>qua</strong></span> <span class='ocrx_word' id='word_1_324' title='bbox 1682 2555 1889 2622; x_wconf 66' lang='lat' dir='ltr'><strong>Timotheum</strong></span> <span class='ocrx_word' id='word_1_325' title='bbox 1919 2555 2055 2620; x_wconf 86' lang='lat' dir='ltr'><strong>inuitare</strong></span> <span class='ocrx_word' id='word_1_326' title='bbox 2129 2552 2196 2638; x_wconf 86' lang='lat' dir='ltr'><strong>rgit</strong></span> 
     </span>
     <span class='ocr_line' id='line_1_25' title="bbox 188 2636 2195 2726; baseline 0 -22"><span class='ocrx_word' id='word_1_327' title='bbox 188 2636 322 2704; x_wconf 85' lang='lat' dir='ltr'><strong>-Paulus</strong></span> <span class='ocrx_word' id='word_1_328' title='bbox 353 2638 497 2707; x_wconf 82' lang='lat' dir='ltr'><strong>arbitrio.</strong></span> <span class='ocrx_word' id='word_1_329' title='bbox 547 2639 616 2706; x_wconf 78' lang='lat' dir='ltr'><strong>Sed</strong></span> <span class='ocrx_word' id='word_1_330' title='bbox 647 2663 713 2708; x_wconf 93' lang='lat' dir='ltr'><strong>non</strong></span> <span class='ocrx_word' id='word_1_331' title='bbox 746 2654 797 2708; x_wconf 86' lang='lat' dir='ltr'><strong>est</strong></span> <span class='ocrx_word' id='word_1_332' title='bbox 828 2644 1007 2712; x_wconf 86' lang='lat' dir='ltr'><strong>absurdum</strong></span> <span class='ocrx_word' id='word_1_333' title='bbox 1040 2655 1077 2712; x_wconf 94' lang='lat' dir='ltr'><strong>ut</strong></span> <span class='ocrx_word' id='word_1_334' title='bbox 1107 2641 1168 2710; x_wconf 87' lang='lat' dir='ltr'><strong>sibi</strong></span> <span class='ocrx_word' id='word_1_335' title='bbox 1221 2644 1263 2710; x_wconf 89' lang='lat' dir='ltr'><strong>ad</strong></span> <span class='ocrx_word' id='word_1_336' title='bbox 1285 2642 1354 2710; x_wconf 82' lang='lat' dir='ltr'><strong>vim</strong></span> <span class='ocrx_word' id='word_1_337' title='bbox 1378 2642 1536 2709; x_wconf 90' lang='lat' dir='ltr'><strong>donorum</strong></span> <span class='ocrx_word' id='word_1_338' title='bbox 1559 2662 1642 2726; x_wconf 90' lang='lat' dir='ltr'><strong>quae</strong></span> <span class='ocrx_word' id='word_1_339' title='bbox 1664 2641 1787 2724; x_wconf 89' lang='lat' dir='ltr'><strong>aeeepit</strong></span> <span class='ocrx_word' id='word_1_340' title='bbox 1808 2639 2044 2724; x_wconf 83' lang='lat' dir='ltr'><strong>explieandam.</strong></span> <span class='ocrx_word' id='word_1_341' title='bbox 2112 2639 2195 2704; x_wconf 92' lang='lat' dir='ltr'><strong>titur</strong></span> 
     </span>
     <span class='ocr_line' id='line_1_26' title="bbox 186 2722 2195 2815; baseline -0 -26"><span class='ocrx_word' id='word_1_342' title='bbox 186 2722 321 2790; x_wconf 80' lang='lat' dir='ltr'><strong>-Paulas</strong></span> <span class='ocrx_word' id='word_1_343' title='bbox 342 2724 533 2792; x_wconf 71' lang='lat' dir='ltr'><strong>elmtionem</strong></span> <span class='ocrx_word' id='word_1_344' title='bbox 555 2727 709 2810; x_wconf 81' lang='lat' dir='ltr'><strong>privatim</strong></span> <span class='ocrx_word' id='word_1_345' title='bbox 732 2727 906 2813; x_wconf 77' lang='lat' dir='ltr'><strong>adscribat,</strong></span> <span class='ocrx_word' id='word_1_346' title='bbox 934 2731 1026 2798; x_wconf 90' lang='lat' dir='ltr'><strong>ouius</strong></span> <span class='ocrx_word' id='word_1_347' title='bbox 1047 2728 1169 2815; x_wconf 89' lang='lat' dir='ltr'><strong>praeoi·</strong></span> <span class='ocrx_word' id='word_1_348' title='bbox 1221 2738 1329 2795; x_wconf 88' lang='lat' dir='ltr'><strong>autem</strong></span> <span class='ocrx_word' id='word_1_349' title='bbox 1359 2726 1421 2796; x_wconf 89' lang='lat' dir='ltr'><strong>hou</strong></span> <span class='ocrx_word' id='word_1_350' title='bbox 1448 2737 1659 2813; x_wconf 82' lang='lat' dir='ltr'><strong>argumento,</strong></span> <span class='ocrx_word' id='word_1_351' title='bbox 1693 2726 1779 2812; x_wconf 88' lang='lat' dir='ltr'><strong>quod</strong></span> <span class='ocrx_word' id='word_1_352' title='bbox 1802 2727 1900 2794; x_wconf 83' lang='lat' dir='ltr'><strong>Dena-</strong></span> <span class='ocrx_word' id='word_1_353' title='bbox 1920 2725 2091 2793; x_wconf 85' lang='lat' dir='ltr'><strong>minietrus</strong></span> <span class='ocrx_word' id='word_1_354' title='bbox 2116 2743 2195 2792; x_wconf 84' lang='lat' dir='ltr'><strong>suos</strong></span> 
     </span>
     <span class='ocr_line' id='line_1_27' title="bbox 188 2808 2195 2898; baseline 0.001 -25"><span class='ocrx_word' id='word_1_355' title='bbox 188 2827 280 2890; x_wconf 87' lang='lat' dir='ltr'><strong>puua</strong></span> <span class='ocrx_word' id='word_1_356' title='bbox 309 2808 417 2875; x_wconf 81' lang='lat' dir='ltr'><strong>fuerat</strong></span> <span class='ocrx_word' id='word_1_357' title='bbox 445 2819 551 2878; x_wconf 82' lang='lat' dir='ltr'><strong>autor.</strong></span> <span class='ocrx_word' id='word_1_358' title='bbox 596 2810 803 2897; x_wconf 78' lang='lat' dir='ltr'><strong>Quemquam</strong></span> <span class='ocrx_word' id='word_1_359' title='bbox 824 2816 878 2883; x_wconf 89' lang='lat' dir='ltr'><strong>hie</strong></span> <span class='ocrx_word' id='word_1_360' title='bbox 900 2817 941 2884; x_wconf 91' lang='lat' dir='ltr'><strong>de</strong></span> <span class='ocrx_word' id='word_1_361' title='bbox 962 2816 1168 2884; x_wconf 86' lang='lat' dir='ltr'><strong>ordinatione</strong></span> <span class='ocrx_word' id='word_1_362' title='bbox 1221 2813 1381 2898; x_wconf 72' lang='lat' dir='ltr'><strong>gubernet</strong></span> <span class='ocrx_word' id='word_1_363' title='bbox 1409 2815 1560 2898; x_wconf 89' lang='lat' dir='ltr'><strong>spiritu</strong></span> <span class='ocrx_word' id='word_1_364' title='bbox 1590 2813 1813 2898; x_wconf 89' lang='lat' dir='ltr'><strong>potentiae,</strong></span> <span class='ocrx_word' id='word_1_365' title='bbox 1841 2833 1925 2897; x_wconf 90' lang='lat' dir='ltr'><strong>quae</strong></span> <span class='ocrx_word' id='word_1_366' title='bbox 1953 2809 2120 2879; x_wconf 88' lang='lat' dir='ltr'><strong>eontraria</strong></span> <span class='ocrx_word' id='word_1_367' title='bbox 2144 2813 2195 2877; x_wconf 87' lang='lat' dir='ltr'><strong>est</strong></span> 
     </span>
     <span class='ocr_line' id='line_1_28' title="bbox 194 2893 2195 2984; baseline 0 -24"><span class='ocrx_word' id='word_1_368' title='bbox 194 2893 305 2978; x_wconf 86' lang='lat' dir='ltr'><strong>potius</strong></span> <span class='ocrx_word' id='word_1_369' title='bbox 333 2915 432 2979; x_wconf 89' lang='lat' dir='ltr'><strong>quam</strong></span> <span class='ocrx_word' id='word_1_370' title='bbox 460 2894 501 2963; x_wconf 91' lang='lat' dir='ltr'><strong>de</strong></span> <span class='ocrx_word' id='word_1_371' title='bbox 530 2896 689 2966; x_wconf 86' lang='lat' dir='ltr'><strong>eleutione</strong></span> <span class='ocrx_word' id='word_1_372' title='bbox 711 2900 795 2984; x_wconf 88' lang='lat' dir='ltr'><strong>agit:</strong></span> <span class='ocrx_word' id='word_1_373' title='bbox 825 2902 888 2969; x_wconf 90' lang='lat' dir='ltr'><strong>hoo</strong></span> <span class='ocrx_word' id='word_1_374' title='bbox 907 2912 957 2970; x_wconf 91' lang='lat' dir='ltr'><strong>est</strong></span> <span class='ocrx_word' id='word_1_375' title='bbox 979 2903 1019 2970; x_wconf 90' lang='lat' dir='ltr'><strong>de</strong></span> <span class='ocrx_word' id='word_1_376' title='bbox 1040 2903 1169 2972; x_wconf 83' lang='lat' dir='ltr'><strong>solenni</strong></span> <span class='ocrx_word' id='word_1_377' title='bbox 1221 2900 1451 2967; x_wconf 76' lang='lat' dir='ltr'><strong>timiditati.</strong></span> <span class='ocrx_word' id='word_1_378' title='bbox 1496 2899 1592 2967; x_wconf 87' lang='lat' dir='ltr'><strong>Unde</strong></span> <span class='ocrx_word' id='word_1_379' title='bbox 1613 2899 1769 2984; x_wconf 83' lang='lat' dir='ltr'><strong>sequitur,</strong></span> <span class='ocrx_word' id='word_1_380' title='bbox 1795 2919 1862 2965; x_wconf 94' lang='lat' dir='ltr'><strong>non</strong></span> <span class='ocrx_word' id='word_1_381' title='bbox 1885 2899 2002 2965; x_wconf 87' lang='lat' dir='ltr'><strong>debere</strong></span> <span class='ocrx_word' id='word_1_382' title='bbox 2023 2907 2083 2982; x_wconf 87' lang='lat' dir='ltr'><strong>per</strong></span> <span class='ocrx_word' id='word_1_383' title='bbox 2103 2897 2195 2981; x_wconf 88' lang='lat' dir='ltr'><strong>igna-</strong></span> 
     </span>
     <span class='ocr_line' id='line_1_29' title="bbox 184 2979 2194 3071; baseline 0.001 -26"><span class='ocrx_word' id='word_1_384' title='bbox 184 2979 388 3047; x_wconf 88' lang='lat' dir='ltr'><strong>·iustituendi</strong></span> <span class='ocrx_word' id='word_1_385' title='bbox 428 2981 505 3049; x_wconf 87' lang='lat' dir='ltr'><strong>ritu.</strong></span> <span class='ocrx_word' id='word_1_386' title='bbox 560 2982 663 3050; x_wconf 86' lang='lat' dir='ltr'><strong>Porro</strong></span> <span class='ocrx_word' id='word_1_387' title='bbox 694 3006 762 3053; x_wconf 91' lang='lat' dir='ltr'><strong>nou</strong></span> <span class='ocrx_word' id='word_1_388' title='bbox 794 2986 918 3070; x_wconf 89' lang='lat' dir='ltr'><strong>liquido</strong></span> <span class='ocrx_word' id='word_1_389' title='bbox 952 2995 1093 3071; x_wconf 85' lang='lat' dir='ltr'><strong>oonstat,</strong></span> <span class='ocrx_word' id='word_1_390' title='bbox 1125 3009 1169 3055; x_wconf 88' lang='lat' dir='ltr'><strong>an</strong></span> <span class='ocrx_word' id='word_1_391' title='bbox 1220 2989 1307 3055; x_wconf 78' lang='lat' dir='ltr'><strong>uiam</strong></span> <span class='ocrx_word' id='word_1_392' title='bbox 1341 2987 1455 3066; x_wconf 84' lang='lat' dir='ltr'><strong>iuuere,</strong></span> <span class='ocrx_word' id='word_1_393' title='bbox 1488 2987 1548 3053; x_wconf 87' lang='lat' dir='ltr'><strong>aed</strong></span> <span class='ocrx_word' id='word_1_394' title='bbox 1580 3006 1701 3070; x_wconf 87' lang='lat' dir='ltr'><strong>magna</strong></span> <span class='ocrx_word' id='word_1_395' title='bbox 1733 2985 1930 3053; x_wconf 89' lang='lat' dir='ltr'><strong>ouufidentia</strong></span> <span class='ocrx_word' id='word_1_396' title='bbox 1962 2989 1997 3051; x_wconf 93' lang='lat' dir='ltr'><strong>et</strong></span> <span class='ocrx_word' id='word_1_397' title='bbox 2028 2983 2194 3049; x_wconf 87' lang='lat' dir='ltr'><strong>alaeritate</strong></span> 
     </span>
     <span class='ocr_line' id='line_1_30' title="bbox 193 3065 2196 3223; baseline 0 -90"><span class='ocrx_word' id='word_1_398' title='bbox 193 3065 722 3220; x_wconf 49' lang='lat' dir='ltr'><strong>aeltitttinfutlriitssiamzffiergrdus</strong></span> <span class='ocrx_word' id='word_1_399' title='bbox 754 3086 824 3174; x_wconf 78' lang='lat' dir='ltr'><strong>erat</strong></span> <span class='ocrx_word' id='word_1_400' title='bbox 856 3075 1024 3177; x_wconf 75' lang='lat' dir='ltr'><strong>minister,</strong></span> <span class='ocrx_word' id='word_1_401' title='bbox 1056 3096 1168 3144; x_wconf 85' lang='lat' dir='ltr'><strong>omnes</strong></span> <span class='ocrx_word' id='word_1_402' title='bbox 1220 3081 1364 3222; x_wconf 51' lang='lat' dir='ltr'><strong>ereqtos,</strong></span> <span class='ocrx_word' id='word_1_403' title='bbox 1397 3071 1487 3223; x_wconf 48' lang='lat' dir='ltr'><strong>illam</strong></span> <span class='ocrx_word' id='word_1_404' title='bbox 1519 3073 1651 3156; x_wconf 84' lang='lat' dir='ltr'><strong>spiritus</strong></span> <span class='ocrx_word' id='word_1_405' title='bbox 1659 3071 1850 3222; x_wconf 59' lang='grc' dir='ltr'><strong>ΙΙιίιῑιιιιιιιιι</strong></span> <span class='ocrx_word' id='word_1_406' title='bbox 1871 3071 2055 3222; x_wconf 51' lang='lat' dir='ltr'><strong>minifefwa</strong></span> <span class='ocrx_word' id='word_1_407' title='bbox 2077 3069 2196 3136; x_wconf 81' lang='lat' dir='ltr'><strong>effeotu</strong></span> 
     </span>
     <span class='ocr_line' id='line_1_31' title="bbox 195 3170 2195 3339; baseline 0.002 -36"><span class='ocrx_word' id='word_1_408' title='bbox 195 3234 358 3339; x_wconf 78' lang='lat' dir='ltr'><strong>duntaxat</strong></span> <span class='ocrx_word' id='word_1_409' title='bbox 385 3239 456 3339; x_wconf 75' lang='lat' dir='ltr'><strong>loeo</strong></span> <span class='ocrx_word' id='word_1_410' title='bbox 477 3249 510 3305; x_wconf 90' lang='lat' dir='ltr'><strong>et</strong></span> <span class='ocrx_word' id='word_1_411' title='bbox 532 3176 862 3314; x_wconf 38' lang='grc' dir='ltr'><strong>ιιιιιιιίιιοιωέιιιῗιτιίιὶὶιιθιιιιῖΒ</strong></span> <span class='ocrx_word' id='word_1_412' title='bbox 883 3170 1169 3333; x_wconf 47' lang='grc' dir='ltr'>οὲὲυίιιιῖιιιᾞ</span> <span class='ocrx_word' id='word_1_413' title='bbox 1219 3178 1416 3327; x_wconf 50' lang='lat' dir='ltr'><strong>giaogoleb</strong></span> <span class='ocrx_word' id='word_1_414' title='bbox 1443 3178 1652 3328; x_wconf 50' lang='lat' dir='ltr'><strong>ihnggtrrieem</strong></span> <span class='ocrx_word' id='word_1_415' title='bbox 1674 3175 1898 3309; x_wconf 47' lang='lat' dir='ltr'><strong>reapprfligfflsp</strong></span> <span class='ocrx_word' id='word_1_416' title='bbox 1924 3244 1981 3310; x_wconf 87' lang='lat' dir='ltr'><strong>sed</strong></span> <span class='ocrx_word' id='word_1_417' title='bbox 2001 3176 2115 3309; x_wconf 55' lang='lat' dir='ltr'><strong><em>m</em></strong></span> <span class='ocrx_word' id='word_1_418' title='bbox 2139 3176 2195 3326; x_wconf 55' lang='lat' dir='ltr'><strong>gisi</strong></span> 
     </span>
     <span class='ocr_line' id='line_1_32' title="bbox 182 3323 2194 3419; baseline 0.004 -34"><span class='ocrx_word' id='word_1_419' title='bbox 182 3323 334 3391; x_wconf 82' lang='lat' dir='ltr'><strong>rnelmat</strong></span> <span class='ocrx_word' id='word_1_420' title='bbox 354 3332 550 3405; x_wconf 88' lang='lat' dir='ltr'><strong>oomeetura,</strong></span> <span class='ocrx_word' id='word_1_421' title='bbox 577 3348 680 3394; x_wconf 92' lang='lat' dir='ltr'><strong>unum</strong></span> <span class='ocrx_word' id='word_1_422' title='bbox 702 3340 832 3397; x_wconf 86' lang='lat' dir='ltr'><strong>tantum</strong></span> <span class='ocrx_word' id='word_1_423' title='bbox 853 3332 953 3401; x_wconf 85' lang='lat' dir='ltr'><strong>luisse</strong></span> <span class='ocrx_word' id='word_1_424' title='bbox 973 3336 1030 3419; x_wconf 93' lang='lat' dir='ltr'><strong>qui</strong></span> <span class='ocrx_word' id='word_1_425' title='bbox 1051 3354 1170 3400; x_wconf 90' lang='lat' dir='ltr'><strong>manue</strong></span> <span class='ocrx_word' id='word_1_426' title='bbox 1221 3330 1388 3397; x_wconf 83' lang='lat' dir='ltr'><strong>diversum</strong></span> <span class='ocrx_word' id='word_1_427' title='bbox 1434 3351 1568 3398; x_wconf 86' lang='lat' dir='ltr'><strong>sensum</strong></span> <span class='ocrx_word' id='word_1_428' title='bbox 1612 3329 1712 3396; x_wconf 91' lang='lat' dir='ltr'><strong>habet</strong></span> <span class='ocrx_word' id='word_1_429' title='bbox 1754 3349 1797 3394; x_wconf 86' lang='lat' dir='ltr'><strong>ex</strong></span> <span class='ocrx_word' id='word_1_430' title='bbox 1838 3348 1899 3395; x_wconf 86' lang='lat' dir='ltr'><strong>sua</strong></span> <span class='ocrx_word' id='word_1_431' title='bbox 1942 3328 2194 3396; x_wconf 76' lang='lat' dir='ltr'><strong>eiroumstantia</strong></span> 
     </span>
     <span class='ocr_line' id='line_1_33' title="bbox 194 3408 2194 3505; baseline 0.001 -29"><span class='ocrx_word' id='word_1_432' title='bbox 194 3408 386 3494; x_wconf 84' lang='lat' dir='ltr'><strong>imponeret</strong></span> <span class='ocrx_word' id='word_1_433' title='bbox 438 3410 535 3492; x_wconf 82' lang='lat' dir='ltr'><strong>Quod</strong></span> <span class='ocrx_word' id='word_1_434' title='bbox 566 3412 607 3479; x_wconf 87' lang='lat' dir='ltr'><strong>ad</strong></span> <span class='ocrx_word' id='word_1_435' title='bbox 639 3419 878 3485; x_wconf 84' lang='lat' dir='ltr'><strong>eaeremoniem</strong></span> <span class='ocrx_word' id='word_1_436' title='bbox 911 3423 1064 3505; x_wconf 80' lang='lat' dir='ltr'><strong>pertinet,</strong></span> <span class='ocrx_word' id='word_1_437' title='bbox 1096 3440 1169 3486; x_wconf 83' lang='lat' dir='ltr'><strong>eam</strong></span> <span class='ocrx_word' id='word_1_438' title='bbox 1220 3415 1354 3482; x_wconf 66' lang='lat' dir='ltr'><strong>Traotat</strong></span> <span class='ocrx_word' id='word_1_439' title='bbox 1396 3416 1485 3482; x_wconf 91' lang='lat' dir='ltr'><strong>enim</strong></span> <span class='ocrx_word' id='word_1_440' title='bbox 1527 3416 1596 3483; x_wconf 89' lang='lat' dir='ltr'><strong>illio</strong></span> <span class='ocrx_word' id='word_1_441' title='bbox 1639 3413 1680 3480; x_wconf 93' lang='lat' dir='ltr'><strong>de</strong></span> <span class='ocrx_word' id='word_1_442' title='bbox 1719 3413 1905 3497; x_wconf 82' lang='lat' dir='ltr'><strong>adoptionis</strong></span> <span class='ocrx_word' id='word_1_443' title='bbox 1940 3416 2060 3483; x_wconf 86' lang='lat' dir='ltr'><strong>fidnoia</strong></span> <span class='ocrx_word' id='word_1_444' title='bbox 2095 3433 2194 3498; x_wconf 87' lang='lat' dir='ltr'><strong>quam</strong></span> 
     </span>
     <span class='ocr_line' id='line_1_34' title="bbox 194 3498 2196 3590; baseline -0.002 -22"><span class='ocrx_word' id='word_1_445' title='bbox 194 3499 339 3568; x_wconf 83' lang='lat' dir='ltr'><strong>mutuati</strong></span> <span class='ocrx_word' id='word_1_446' title='bbox 360 3498 491 3565; x_wconf 75' lang='lat' dir='ltr'><strong>fumant</strong></span> <span class='ocrx_word' id='word_1_447' title='bbox 510 3498 650 3584; x_wconf 72' lang='lat' dir='ltr'><strong>apoetoli</strong></span> <span class='ocrx_word' id='word_1_448' title='bbox 671 3522 712 3568; x_wconf 87' lang='lat' dir='ltr'><strong>ex</strong></span> <span class='ocrx_word' id='word_1_449' title='bbox 736 3512 846 3571; x_wconf 83' lang='lat' dir='ltr'><strong>vetere</strong></span> <span class='ocrx_word' id='word_1_450' title='bbox 867 3507 976 3590; x_wconf 90' lang='lat' dir='ltr'><strong>gentis</strong></span> <span class='ocrx_word' id='word_1_451' title='bbox 998 3526 1076 3573; x_wconf 87' lang='lat' dir='ltr'><strong>suae</strong></span> <span class='ocrx_word' id='word_1_452' title='bbox 1096 3526 1170 3573; x_wconf 88' lang='lat' dir='ltr'><strong>ouu-</strong></span> <span class='ocrx_word' id='word_1_453' title='bbox 1220 3501 1344 3568; x_wconf 86' lang='lat' dir='ltr'><strong>habent</strong></span> <span class='ocrx_word' id='word_1_454' title='bbox 1364 3522 1477 3568; x_wconf 88' lang='lat' dir='ltr'><strong>omues</strong></span> <span class='ocrx_word' id='word_1_455' title='bbox 1498 3501 1622 3568; x_wconf 89' lang='lat' dir='ltr'><strong>fideles:</strong></span> <span class='ocrx_word' id='word_1_456' title='bbox 1654 3519 1742 3566; x_wconf 89' lang='lat' dir='ltr'><strong>nune</strong></span> <span class='ocrx_word' id='word_1_457' title='bbox 1764 3512 1875 3566; x_wconf 88' lang='lat' dir='ltr'><strong>autem</strong></span> <span class='ocrx_word' id='word_1_458' title='bbox 1898 3501 2106 3586; x_wconf 87' lang='lat' dir='ltr'><strong>peouliariter</strong></span> <span class='ocrx_word' id='word_1_459' title='bbox 2127 3500 2196 3585; x_wconf 89' lang='lat' dir='ltr'><strong>agit</strong></span> 
     </span>
     <span class='ocr_line' id='line_1_35' title="bbox 183 3583 2193 3677; baseline 0.003 -33"><span class='ocrx_word' id='word_1_460' title='bbox 183 3583 383 3658; x_wconf 59' lang='lat' dir='ltr'><strong>‚suetudiner</strong></span> <span class='ocrx_word' id='word_1_461' title='bbox 412 3584 466 3650; x_wconf 83' lang='lat' dir='ltr'><strong>vel</strong></span> <span class='ocrx_word' id='word_1_462' title='bbox 495 3587 604 3670; x_wconf 84' lang='lat' dir='ltr'><strong>potins</strong></span> <span class='ocrx_word' id='word_1_463' title='bbox 633 3606 735 3669; x_wconf 88' lang='lat' dir='ltr'><strong>quum</strong></span> <span class='ocrx_word' id='word_1_464' title='bbox 762 3589 797 3655; x_wconf 94' lang='lat' dir='ltr'><strong>in</strong></span> <span class='ocrx_word' id='word_1_465' title='bbox 819 3612 881 3657; x_wconf 90' lang='lat' dir='ltr'><strong>usu</strong></span> <span class='ocrx_word' id='word_1_466' title='bbox 902 3592 995 3677; x_wconf 80' lang='lat' dir='ltr'><strong>foret,</strong></span> <span class='ocrx_word' id='word_1_467' title='bbox 1024 3593 1168 3658; x_wconf 91' lang='lat' dir='ltr'><strong>retinue-</strong></span> <span class='ocrx_word' id='word_1_468' title='bbox 1220 3588 1261 3653; x_wconf 86' lang='lat' dir='ltr'><strong>de</strong></span> <span class='ocrx_word' id='word_1_469' title='bbox 1289 3588 1460 3667; x_wconf 85' lang='lat' dir='ltr'><strong>ministris,</strong></span> <span class='ocrx_word' id='word_1_470' title='bbox 1492 3608 1530 3662; x_wconf 85' lang='lat' dir='ltr'><strong>ee</strong></span> <span class='ocrx_word' id='word_1_471' title='bbox 1560 3608 1615 3654; x_wconf 89' lang='lat' dir='ltr'><strong>eue</strong></span> <span class='ocrx_word' id='word_1_472' title='bbox 1645 3587 1799 3652; x_wconf 87' lang='lat' dir='ltr'><strong>hortatur</strong></span> <span class='ocrx_word' id='word_1_473' title='bbox 1828 3586 1889 3652; x_wconf 92' lang='lat' dir='ltr'><strong>sub</strong></span> <span class='ocrx_word' id='word_1_474' title='bbox 1921 3587 2087 3653; x_wconf 70' lang='lat' dir='ltr'><strong>Timothei</strong></span> <span class='ocrx_word' id='word_1_475' title='bbox 2119 3605 2193 3670; x_wconf 91' lang='lat' dir='ltr'><strong>per·</strong></span> 
     </span>
     <span class='ocr_line' id='line_1_36' title="bbox 193 3667 2194 3761; baseline -0.002 -23"><span class='ocrx_word' id='word_1_476' title='bbox 193 3683 279 3744; x_wconf 82' lang='lat' dir='ltr'><strong>runt.</strong></span> <span class='ocrx_word' id='word_1_477' title='bbox 334 3669 398 3735; x_wconf 73' lang='lat' dir='ltr'><strong>nst</strong></span> <span class='ocrx_word' id='word_1_478' title='bbox 437 3667 526 3735; x_wconf 87' lang='lat' dir='ltr'><strong>euim</strong></span> <span class='ocrx_word' id='word_1_479' title='bbox 563 3668 644 3738; x_wconf 86' lang='lat' dir='ltr'><strong>haee</strong></span> <span class='ocrx_word' id='word_1_480' title='bbox 676 3692 754 3755; x_wconf 86' lang='lat' dir='ltr'><strong>pers</strong></span> <span class='ocrx_word' id='word_1_481' title='bbox 786 3674 895 3744; x_wconf 88' lang='lat' dir='ltr'><strong>deouri</strong></span> <span class='ocrx_word' id='word_1_482' title='bbox 928 3677 1014 3761; x_wconf 91' lang='lat' dir='ltr'><strong>quod</strong></span> <span class='ocrx_word' id='word_1_483' title='bbox 1046 3678 1169 3744; x_wconf 92' lang='lat' dir='ltr'><strong>Paulus</strong></span> <span class='ocrx_word' id='word_1_484' title='bbox 1220 3694 1311 3751; x_wconf 66' lang='lat' dir='ltr'><strong>suna</strong></span> <span class='ocrx_word' id='word_1_485' title='bbox 1344 3688 1380 3739; x_wconf 89' lang='lat' dir='ltr'><strong>ut</strong></span> <span class='ocrx_word' id='word_1_486' title='bbox 1409 3694 1445 3738; x_wconf 92' lang='lat' dir='ltr'><strong>se</strong></span> <span class='ocrx_word' id='word_1_487' title='bbox 1475 3675 1627 3757; x_wconf 80' lang='lat' dir='ltr'><strong>guaviter</strong></span> <span class='ocrx_word' id='word_1_488' title='bbox 1657 3682 1778 3738; x_wconf 87' lang='lat' dir='ltr'><strong>aouaut</strong></span> <span class='ocrx_word' id='word_1_489' title='bbox 1807 3670 1848 3737; x_wconf 91' lang='lat' dir='ltr'><strong>ad</strong></span> <span class='ocrx_word' id='word_1_490' title='bbox 1874 3675 2194 3758; x_wconf 74' lang='lat' dir='ltr'><strong>magnanimitatem:</strong></span> 
     </span>
     <span class='ocr_line' id='line_1_37' title="bbox 194 3752 2195 3865; baseline -0.003 -36"><span class='ocrx_word' id='word_1_491' title='bbox 194 3759 272 3860; x_wconf 82' lang='lat' dir='ltr'><strong>alibi</strong></span> <span class='ocrx_word' id='word_1_492' title='bbox 293 3753 501 3821; x_wconf 88' lang='lat' dir='ltr'><strong>uommendat</strong></span> <span class='ocrx_word' id='word_1_493' title='bbox 516 3752 562 3840; x_wconf 86' lang='lat'><strong>(1.</strong></span> <span class='ocrx_word' id='word_1_494' title='bbox 578 3755 653 3824; x_wconf 85' lang='lat' dir='ltr'><strong>Oor.</strong></span> <span class='ocrx_word' id='word_1_495' title='bbox 673 3758 725 3839; x_wconf 87' lang='lat'><strong>14,</strong></span> <span class='ocrx_word' id='word_1_496' title='bbox 745 3759 812 3847; x_wconf 66' lang='grc'><strong>40)</strong></span> <span class='ocrx_word' id='word_1_497' title='bbox 849 3761 1170 3865; x_wconf 61' lang='grc' dir='ltr'>Ωιιιιιᾳιιιιιιιιίιώὶ·</span> <span class='ocrx_word' id='word_1_498' title='bbox 1220 3761 1297 3845; x_wconf 83' lang='lat' dir='ltr'><strong>quia</strong></span> <span class='ocrx_word' id='word_1_499' title='bbox 1326 3780 1393 3825; x_wconf 92' lang='lat' dir='ltr'><strong>nun</strong></span> <span class='ocrx_word' id='word_1_500' title='bbox 1424 3758 1503 3827; x_wconf 83' lang='lat' dir='ltr'><strong>velit</strong></span> <span class='ocrx_word' id='word_1_501' title='bbox 1532 3779 1587 3826; x_wconf 90' lang='lat' dir='ltr'><strong>eos</strong></span> <span class='ocrx_word' id='word_1_502' title='bbox 1617 3756 1782 3858; x_wconf 67' lang='lat' dir='ltr'><strong>Dominus</strong></span> <span class='ocrx_word' id='word_1_503' title='bbox 1810 3757 1933 3859; x_wconf 70' lang='lat' dir='ltr'><strong>frigide</strong></span> <span class='ocrx_word' id='word_1_504' title='bbox 1955 3757 2047 3860; x_wconf 76' lang='lat' dir='ltr'><strong>ubire</strong></span> <span class='ocrx_word' id='word_1_505' title='bbox 2074 3776 2195 3857; x_wconf 82' lang='lat' dir='ltr'><strong>munus</strong></span> 
     </span>
     <span class='ocr_line' id='line_1_38' title="bbox 195 3841 2195 4020; baseline -0.006 -18"><span class='ocrx_word' id='word_1_506' title='bbox 195 3861 270 4002; x_wconf 75' lang='lat' dir='ltr'><strong>:tt</strong></span> <span class='ocrx_word' id='word_1_507' title='bbox 293 3841 853 4010; x_wconf 58' lang='lat' dir='ltr'><strong>tt‘thlttlh‘tttttlt</strong></span> <span class='ocrx_word' id='word_1_508' title='bbox 874 3869 1170 4020; x_wconf 62' lang='lat' dir='ltr'><strong>3?„¹3:¹,¹{m„¹3l‘;</strong></span> <span class='ocrx_word' id='word_1_509' title='bbox 1219 3842 1869 4014; x_wconf 57' lang='lat' dir='ltr'><strong>tultatlttlllzttlttlht</strong></span> <span class='ocrx_word' id='word_1_510' title='bbox 1884 3841 2195 4013; x_wconf 61' lang='lat' dir='ltr'><strong>‘litttr‘tt‘tz</strong></span> 
     </span>
     <span class='ocr_line' id='line_1_39' title="bbox 197 4009 2195 4107; baseline -0.005 -20"><span class='ocrx_word' id='word_1_511' title='bbox 197 4023 238 4089; x_wconf 87' lang='lat' dir='ltr'><strong>de</strong></span> <span class='ocrx_word' id='word_1_512' title='bbox 259 4013 378 4107; x_wconf 85' lang='lat' dir='ltr'><strong>quibua</strong></span> <span class='ocrx_word' id='word_1_513' title='bbox 399 4011 441 4077; x_wconf 84' lang='lat' dir='ltr'><strong>ad</strong></span> <span class='ocrx_word' id='word_1_514' title='bbox 462 4009 629 4080; x_wconf 83' lang='lat' dir='ltr'><strong>Romanos</strong></span> <span class='ocrx_word' id='word_1_515' title='bbox 650 4015 756 4100; x_wconf 87' lang='lat' dir='ltr'><strong>eapite</strong></span> <span class='ocrx_word' id='word_1_516' title='bbox 779 4017 829 4098; x_wconf 77' lang='lat'><strong>12,</strong></span> <span class='ocrx_word' id='word_1_517' title='bbox 851 4028 883 4084; x_wconf 92' lang='lat' dir='ltr'><strong>et</strong></span> <span class='ocrx_word' id='word_1_518' title='bbox 906 4021 934 4086; x_wconf 91' lang='lat'><strong>1.</strong></span> <span class='ocrx_word' id='word_1_519' title='bbox 958 4019 1109 4087; x_wconf 88' lang='lat' dir='ltr'><strong>Oorinth.</strong></span> <span class='ocrx_word' id='word_1_520' title='bbox 1127 4020 1169 4086; x_wconf 82' lang='lat'><strong>13</strong></span> <span class='ocrx_word' id='word_1_521' title='bbox 1221 4027 1290 4084; x_wconf 90' lang='lat' dir='ltr'><strong>tere</strong></span> <span class='ocrx_word' id='word_1_522' title='bbox 1317 4036 1389 4083; x_wconf 86' lang='lat' dir='ltr'><strong>eam</strong></span> <span class='ocrx_word' id='word_1_523' title='bbox 1412 4016 1546 4101; x_wconf 91' lang='lat' dir='ltr'><strong>spiritus</strong></span> <span class='ocrx_word' id='word_1_524' title='bbox 1568 4013 1776 4082; x_wconf 77' lang='lat' dir='ltr'><strong>altitudinem</strong></span> <span class='ocrx_word' id='word_1_525' title='bbox 1799 4022 1832 4078; x_wconf 90' lang='lat' dir='ltr'><strong>et</strong></span> <span class='ocrx_word' id='word_1_526' title='bbox 1853 4013 2024 4081; x_wconf 82' lang='lat' dir='ltr'><strong>iniraetam</strong></span> <span class='ocrx_word' id='word_1_527' title='bbox 2046 4024 2195 4082; x_wconf 91' lang='lat' dir='ltr'><strong>uoustan·</strong></span> 
     </span>
     <span class='ocr_line' id='line_1_40' title="bbox 159 4098 2194 4186; baseline -0.005 -10"><span class='ocrx_word' id='word_1_528' title='bbox 159 4128 161 4133; x_wconf 74' lang='grc'>’</span> <span class='ocrx_word' id='word_1_529' title='bbox 196 4110 337 4184; x_wconf 72' lang='lat' dir='ltr'><strong>dimerit,</strong></span> <span class='ocrx_word' id='word_1_530' title='bbox 368 4117 429 4182; x_wconf 86' lang='lat' dir='ltr'><strong>per</strong></span> <span class='ocrx_word' id='word_1_531' title='bbox 459 4117 617 4164; x_wconf 88' lang='lat' dir='ltr'><strong>manuum</strong></span> <span class='ocrx_word' id='word_1_532' title='bbox 648 4100 888 4185; x_wconf 82' lang='lat' dir='ltr'><strong>impositionem</strong></span> <span class='ocrx_word' id='word_1_533' title='bbox 920 4105 1170 4173; x_wconf 80' lang='lat' dir='ltr'><strong>eonferebantur</strong></span> <span class='ocrx_word' id='word_1_534' title='bbox 1221 4104 1315 4183; x_wconf 72' lang='lat' dir='ltr'><strong>hum,</strong></span> <span class='ocrx_word' id='word_1_535' title='bbox 1349 4121 1435 4186; x_wconf 83' lang='lat' dir='ltr'><strong>qnae</strong></span> <span class='ocrx_word' id='word_1_536' title='bbox 1466 4100 1508 4166; x_wconf 92' lang='lat' dir='ltr'><strong>ad</strong></span> <span class='ocrx_word' id='word_1_537' title='bbox 1541 4098 1759 4169; x_wconf 86' lang='lat' dir='ltr'><strong>exeroendum</strong></span> <span class='ocrx_word' id='word_1_538' title='bbox 1792 4099 2011 4168; x_wconf 87' lang='lat' dir='ltr'><strong>ministerium</strong></span> <span class='ocrx_word' id='word_1_539' title='bbox 2044 4108 2194 4166; x_wconf 84' lang='lat' dir='ltr'><strong>nostrum</strong></span> 
     </span>
     <span class='ocr_line' id='line_1_41' title="bbox 195 4182 2195 4275; baseline -0.001 -24"><span class='ocrx_word' id='word_1_540' title='bbox 195 4194 310 4260; x_wconf 70' lang='lat' dir='ltr'><strong>multis</strong></span> <span class='ocrx_word' id='word_1_541' title='bbox 331 4187 429 4251; x_wconf 89' lang='lat' dir='ltr'><strong>etiam</strong></span> <span class='ocrx_word' id='word_1_542' title='bbox 459 4182 541 4263; x_wconf 89' lang='lat' dir='ltr'><strong>aliis,</strong></span> <span class='ocrx_word' id='word_1_543' title='bbox 569 4186 626 4269; x_wconf 90' lang='lat' dir='ltr'><strong>qni</strong></span> <span class='ocrx_word' id='word_1_544' title='bbox 647 4206 715 4252; x_wconf 90' lang='lat' dir='ltr'><strong>nou</strong></span> <span class='ocrx_word' id='word_1_545' title='bbox 737 4187 990 4257; x_wconf 89' lang='lat' dir='ltr'><strong>instituebantur</strong></span> <span class='ocrx_word' id='word_1_546' title='bbox 1013 4202 1168 4275; x_wconf 81' lang='lat' dir='ltr'><strong>pastores.</strong></span> <span class='ocrx_word' id='word_1_547' title='bbox 1220 4189 1406 4272; x_wconf 89' lang='lat' dir='ltr'><strong>requiritur,</strong></span> <span class='ocrx_word' id='word_1_548' title='bbox 1429 4187 1531 4255; x_wconf 86' lang='lat' dir='ltr'><strong>donee</strong></span> <span class='ocrx_word' id='word_1_549' title='bbox 1544 4187 1679 4254; x_wconf 87' lang='lat' dir='ltr'><strong>euelitus</strong></span> <span class='ocrx_word' id='word_1_550' title='bbox 1696 4184 1873 4252; x_wconf 87' lang='lat' dir='ltr'><strong>induamur</strong></span> <span class='ocrx_word' id='word_1_551' title='bbox 1887 4206 1974 4252; x_wconf 82' lang='lat' dir='ltr'><strong>nova</strong></span> <span class='ocrx_word' id='word_1_552' title='bbox 1990 4187 2118 4253; x_wconf 85' lang='lat' dir='ltr'><strong>virtute.</strong></span> <span class='ocrx_word' id='word_1_553' title='bbox 2149 4186 2195 4251; x_wconf 82' lang='lat' dir='ltr'><strong>Et</strong></span> 
     </span>
     <span class='ocr_line' id='line_1_42' title="bbox 197 4269 2194 4363; baseline -0.007 -15"><span class='ocrx_word' id='word_1_554' title='bbox 197 4278 264 4348; x_wconf 79' lang='lat' dir='ltr'><strong>Sed</strong></span> <span class='ocrx_word' id='word_1_555' title='bbox 292 4298 352 4363; x_wconf 79' lang='lat' dir='ltr'><strong>ego</strong></span> <span class='ocrx_word' id='word_1_556' title='bbox 381 4292 423 4336; x_wconf 85' lang='lat' dir='ltr'><strong>ex</strong></span> <span class='ocrx_word' id='word_1_557' title='bbox 451 4269 560 4354; x_wconf 87' lang='lat' dir='ltr'><strong>priora</strong></span> <span class='ocrx_word' id='word_1_558' title='bbox 588 4270 724 4355; x_wconf 86' lang='lat' dir='ltr'><strong>epistula</strong></span> <span class='ocrx_word' id='word_1_559' title='bbox 751 4273 845 4342; x_wconf 77' lang='lat' dir='ltr'><strong>facile</strong></span> <span class='ocrx_word' id='word_1_560' title='bbox 867 4276 996 4363; x_wconf 84' lang='lat' dir='ltr'><strong>oolligo,</strong></span> <span class='ocrx_word' id='word_1_561' title='bbox 1028 4278 1168 4345; x_wconf 87' lang='lat' dir='ltr'><strong>Paulum</strong></span> <span class='ocrx_word' id='word_1_562' title='bbox 1221 4294 1300 4341; x_wconf 89' lang='lat' dir='ltr'><strong>sane</strong></span> <span class='ocrx_word' id='word_1_563' title='bbox 1329 4274 1450 4340; x_wconf 83' lang='lat' dir='ltr'><strong>maiora</strong></span> <span class='ocrx_word' id='word_1_564' title='bbox 1476 4280 1609 4341; x_wconf 90' lang='lat' dir='ltr'><strong>suntet</strong></span> <span class='ocrx_word' id='word_1_565' title='bbox 1630 4271 1724 4356; x_wconf 86' lang='lat' dir='ltr'><strong>plura</strong></span> <span class='ocrx_word' id='word_1_566' title='bbox 1745 4270 1921 4356; x_wconf 79' lang='lat' dir='ltr'><strong>obstacula,</strong></span> <span class='ocrx_word' id='word_1_567' title='bbox 1951 4294 2048 4357; x_wconf 87' lang='lat' dir='ltr'><strong>quam</strong></span> <span class='ocrx_word' id='word_1_568' title='bbox 2071 4282 2107 4338; x_wconf 92' lang='lat' dir='ltr'><strong>ut</strong></span> <span class='ocrx_word' id='word_1_569' title='bbox 2128 4271 2194 4337; x_wconf 85' lang='lat' dir='ltr'><strong>illis</strong></span> 
     </span>
     <span class='ocr_line' id='line_1_43' title="bbox 196 4354 2194 4446; baseline -0.009 -7"><span class='ocrx_word' id='word_1_570' title='bbox 196 4365 238 4432; x_wconf 79' lang='lat' dir='ltr'><strong>de</strong></span> <span class='ocrx_word' id='word_1_571' title='bbox 270 4364 376 4430; x_wconf 81' lang='lat' dir='ltr'><strong>0ffi⁰i0</strong></span> <span class='ocrx_word' id='word_1_572' title='bbox 407 4357 548 4438; x_wconf 78' lang='lat' dir='ltr'><strong>Pastoris</strong></span> <span class='ocrx_word' id='word_1_573' title='bbox 579 4354 634 4423; x_wconf 88' lang='lat' dir='ltr'><strong>hie</strong></span> <span class='ocrx_word' id='word_1_574' title='bbox 707 4379 772 4426; x_wconf 89' lang='lat' dir='ltr'><strong>ere.</strong></span> <span class='ocrx_word' id='word_1_575' title='bbox 826 4361 912 4428; x_wconf 84' lang='lat' dir='ltr'><strong>Nam</strong></span> <span class='ocrx_word' id='word_1_576' title='bbox 946 4363 1085 4446; x_wconf 87' lang='lat' dir='ltr'><strong>quadrat</strong></span> <span class='ocrx_word' id='word_1_577' title='bbox 1115 4363 1169 4432; x_wconf 90' lang='lat' dir='ltr'><strong>hio</strong></span> <span class='ocrx_word' id='word_1_578' title='bbox 1220 4360 1413 4444; x_wconf 85' lang='lat' dir='ltr'><strong>superandis</strong></span> <span class='ocrx_word' id='word_1_579' title='bbox 1445 4380 1505 4443; x_wconf 87' lang='lat' dir='ltr'><strong>par</strong></span> <span class='ocrx_word' id='word_1_580' title='bbox 1537 4359 1647 4426; x_wconf 81' lang='lat' dir='ltr'><strong>futura</strong></span> <span class='ocrx_word' id='word_1_581' title='bbox 1677 4357 1721 4422; x_wconf 89' lang='lat' dir='ltr'><strong>eit</strong></span> <span class='ocrx_word' id='word_1_582' title='bbox 1753 4355 1822 4422; x_wconf 91' lang='lat' dir='ltr'><strong>ulla</strong></span> <span class='ocrx_word' id='word_1_583' title='bbox 1854 4358 1996 4424; x_wconf 89' lang='lat' dir='ltr'><strong>huminis</strong></span> <span class='ocrx_word' id='word_1_584' title='bbox 2027 4356 2194 4424; x_wconf 80' lang='lat' dir='ltr'><strong>torutudo.</strong></span> 
     </span>
     <span class='ocr_line' id='line_1_44' title="bbox 196 4441 2194 4534; baseline -0.005 -16"><span class='ocrx_word' id='word_1_585' title='bbox 196 4452 286 4519; x_wconf 89' lang='lat' dir='ltr'><strong>loeus</strong></span> <span class='ocrx_word' id='word_1_586' title='bbox 318 4469 393 4517; x_wconf 87' lang='lat' dir='ltr'><strong>eum</strong></span> <span class='ocrx_word' id='word_1_587' title='bbox 414 4446 484 4513; x_wconf 88' lang='lat' dir='ltr'><strong>illo:</strong></span> <span class='ocrx_word' id='word_1_588' title='bbox 517 4441 594 4509; x_wconf 85' lang='lat' dir='ltr'><strong>Noli</strong></span> <span class='ocrx_word' id='word_1_589' title='bbox 623 4464 688 4529; x_wconf 86' lang='lat' dir='ltr'><strong>neg</strong></span> <span class='ocrx_word' id='word_1_590' title='bbox 701 4447 789 4530; x_wconf 90' lang='lat' dir='ltr'><strong>igere</strong></span> <span class='ocrx_word' id='word_1_591' title='bbox 817 4450 958 4531; x_wconf 78' lang='lat' dir='ltr'><strong>gratiam</strong></span> <span class='ocrx_word' id='word_1_592' title='bbox 989 4471 1071 4534; x_wconf 91' lang='lat' dir='ltr'><strong>quae</strong></span> <span class='ocrx_word' id='word_1_593' title='bbox 1093 4450 1169 4516; x_wconf 83' lang='lat' dir='ltr'><strong>data</strong></span> <span class='ocrx_word' id='word_1_594' title='bbox 1220 4445 1312 4512; x_wconf 89' lang='lat' dir='ltr'><strong>Deus</strong></span> <span class='ocrx_word' id='word_1_595' title='bbox 1333 4457 1384 4512; x_wconf 91' lang='lat' dir='ltr'><strong>est</strong></span> <span class='ocrx_word' id='word_1_596' title='bbox 1404 4445 1516 4530; x_wconf 88' lang='lat' dir='ltr'><strong>igitur,</strong></span> <span class='ocrx_word' id='word_1_597' title='bbox 1543 4445 1599 4529; x_wconf 90' lang='lat' dir='ltr'><strong>qui</strong></span> <span class='ocrx_word' id='word_1_598' title='bbox 1628 4463 1689 4509; x_wconf 91' lang='lat' dir='ltr'><strong>nos</strong></span> <span class='ocrx_word' id='word_1_599' title='bbox 1718 4443 1852 4510; x_wconf 87' lang='lat' dir='ltr'><strong>instruit</strong></span> <span class='ocrx_word' id='word_1_600' title='bbox 1882 4444 1999 4528; x_wconf 87' lang='lat' dir='ltr'><strong>spiritu</strong></span> <span class='ocrx_word' id='word_1_601' title='bbox 2017 4445 2194 4529; x_wconf 88' lang='lat' dir='ltr'><strong>potentiae.</strong></span> 
     </span>
     <span class='ocr_line' id='line_1_45' title="bbox 197 4526 2192 4621; baseline -0.006 -16"><span class='ocrx_word' id='word_1_602' title='bbox 197 4534 327 4605; x_wconf 86' lang='lat' dir='ltr'><strong>esttibi</strong></span> <span class='ocrx_word' id='word_1_603' title='bbox 348 4554 424 4600; x_wconf 90' lang='lat' dir='ltr'><strong>eum</strong></span> <span class='ocrx_word' id='word_1_604' title='bbox 444 4528 653 4616; x_wconf 90' lang='lat' dir='ltr'><strong>impositione</strong></span> <span class='ocrx_word' id='word_1_605' title='bbox 674 4551 831 4598; x_wconf 92' lang='lat' dir='ltr'><strong>manuum</strong></span> <span class='ocrx_word' id='word_1_606' title='bbox 854 4535 1059 4621; x_wconf 80' lang='lat' dir='ltr'><strong>presbyterii.</strong></span> <span class='ocrx_word' id='word_1_607' title='bbox 1095 4536 1170 4604; x_wconf 88' lang='lat' dir='ltr'><strong>Heu</strong></span> <span class='ocrx_word' id='word_1_608' title='bbox 1221 4532 1308 4598; x_wconf 87' lang='lat' dir='ltr'><strong>Nam</strong></span> <span class='ocrx_word' id='word_1_609' title='bbox 1336 4531 1394 4615; x_wconf 91' lang='lat' dir='ltr'><strong>qni</strong></span> <span class='ocrx_word' id='word_1_610' title='bbox 1423 4530 1542 4614; x_wconf 91' lang='lat' dir='ltr'><strong>alioqui</strong></span> <span class='ocrx_word' id='word_1_611' title='bbox 1571 4529 1713 4596; x_wconf 93' lang='lat' dir='ltr'><strong>multum</strong></span> <span class='ocrx_word' id='word_1_612' title='bbox 1742 4526 1844 4595; x_wconf 91' lang='lat' dir='ltr'><strong>robur</strong></span> <span class='ocrx_word' id='word_1_613' title='bbox 1873 4538 2050 4610; x_wconf 90' lang='lat' dir='ltr'><strong>ostentant,</strong></span> <span class='ocrx_word' id='word_1_614' title='bbox 2084 4528 2192 4595; x_wconf 90' lang='lat' dir='ltr'><strong>oonoi·</strong></span> 
     </span>
     <span class='ocr_line' id='line_1_46' title="bbox 196 4613 2194 4707; baseline -0.007 -16"><span class='ocrx_word' id='word_1_615' title='bbox 196 4622 387 4704; x_wconf 88' lang='lat' dir='ltr'><strong>ooustituto,</strong></span> <span class='ocrx_word' id='word_1_616' title='bbox 408 4619 576 4704; x_wconf 81' lang='lat' dir='ltr'><strong>quaeritur</strong></span> <span class='ocrx_word' id='word_1_617' title='bbox 590 4636 632 4681; x_wconf 90' lang='lat' dir='ltr'><strong>an</strong></span> <span class='ocrx_word' id='word_1_618' title='bbox 648 4636 707 4699; x_wconf 90' lang='lat' dir='ltr'><strong>per</strong></span> <span class='ocrx_word' id='word_1_619' title='bbox 719 4628 895 4685; x_wconf 86' lang='lat' dir='ltr'><strong>externum</strong></span> <span class='ocrx_word' id='word_1_620' title='bbox 913 4623 1044 4706; x_wconf 90' lang='lat' dir='ltr'><strong>signum</strong></span> <span class='ocrx_word' id='word_1_621' title='bbox 1063 4622 1170 4707; x_wconf 88' lang='lat' dir='ltr'><strong>gratia</strong></span> <span class='ocrx_word' id='word_1_622' title='bbox 1222 4618 1305 4684; x_wconf 91' lang='lat' dir='ltr'><strong>dunt</strong></span> <span class='ocrx_word' id='word_1_623' title='bbox 1333 4626 1509 4698; x_wconf 87' lang='lat' dir='ltr'><strong>momento,</strong></span> <span class='ocrx_word' id='word_1_624' title='bbox 1538 4616 1594 4682; x_wconf 92' lang='lat' dir='ltr'><strong>ubi</strong></span> <span class='ocrx_word' id='word_1_625' title='bbox 1620 4637 1685 4682; x_wconf 92' lang='lat' dir='ltr'><strong>non</strong></span> <span class='ocrx_word' id='word_1_626' title='bbox 1707 4613 1913 4682; x_wconf 85' lang='lat' dir='ltr'><strong>sustinentur</strong></span> <span class='ocrx_word' id='word_1_627' title='bbox 1934 4614 2038 4684; x_wconf 87' lang='lat' dir='ltr'><strong>divini</strong></span> <span class='ocrx_word' id='word_1_628' title='bbox 2060 4616 2194 4700; x_wconf 87' lang='lat' dir='ltr'><strong>spiritus</strong></span> 
     </span>
     <span class='ocr_line' id='line_1_47' title="bbox 196 4700 2193 4792; baseline -0.006 -16"><span class='ocrx_word' id='word_1_629' title='bbox 196 4708 295 4777; x_wconf 80' lang='lat' dir='ltr'><strong>inerit</strong></span> <span class='ocrx_word' id='word_1_630' title='bbox 317 4707 402 4772; x_wconf 89' lang='lat' dir='ltr'><strong>data.</strong></span> <span class='ocrx_word' id='word_1_631' title='bbox 438 4703 492 4770; x_wconf 82' lang='lat' dir='ltr'><strong>Ad</strong></span> <span class='ocrx_word' id='word_1_632' title='bbox 514 4722 613 4787; x_wconf 88' lang='lat' dir='ltr'><strong>quam</strong></span> <span class='ocrx_word' id='word_1_633' title='bbox 635 4705 858 4786; x_wconf 83' lang='lat' dir='ltr'><strong>quaestionem</strong></span> <span class='ocrx_word' id='word_1_634' title='bbox 881 4708 1069 4791; x_wconf 88' lang='lat' dir='ltr'><strong>respondeo,</strong></span> <span class='ocrx_word' id='word_1_635' title='bbox 1091 4730 1169 4792; x_wconf 93' lang='lat' dir='ltr'><strong>quo·</strong></span> <span class='ocrx_word' id='word_1_636' title='bbox 1221 4703 1376 4788; x_wconf 90' lang='lat' dir='ltr'><strong>potentia.</strong></span> <span class='ocrx_word' id='word_1_637' title='bbox 1420 4701 1573 4771; x_wconf 84' lang='lat' dir='ltr'><strong>Seoundu</strong></span> <span class='ocrx_word' id='word_1_638' title='bbox 1602 4700 1796 4786; x_wconf 89' lang='lat' dir='ltr'><strong>oolligimus,</strong></span> <span class='ocrx_word' id='word_1_639' title='bbox 1826 4703 2012 4787; x_wconf 91' lang='lat' dir='ltr'><strong>quiounque</strong></span> <span class='ocrx_word' id='word_1_640' title='bbox 2041 4700 2193 4786; x_wconf 76' lang='lat' dir='ltr'><strong>seruilem</strong></span> 
     </span>
     <span class='ocr_line' id='line_1_48' title="bbox 196 4785 2196 4873; baseline -0.004 -13"><span class='ocrx_word' id='word_1_641' title='bbox 196 4796 259 4861; x_wconf 88' lang='lat' dir='ltr'><strong>ties</strong></span> <span class='ocrx_word' id='word_1_642' title='bbox 286 4789 522 4861; x_wconf 89' lang='lat' dir='ltr'><strong>ordinabantur</strong></span> <span class='ocrx_word' id='word_1_643' title='bbox 545 4787 697 4868; x_wconf 84' lang='lat' dir='ltr'><strong>ministri,</strong></span> <span class='ocrx_word' id='word_1_644' title='bbox 724 4791 874 4873; x_wconf 87' lang='lat' dir='ltr'><strong>preeibue</strong></span> <span class='ocrx_word' id='word_1_645' title='bbox 897 4795 995 4860; x_wconf 90' lang='lat' dir='ltr'><strong>tutius</strong></span> <span class='ocrx_word' id='word_1_646' title='bbox 1017 4793 1170 4861; x_wconf 87' lang='lat' dir='ltr'><strong>eooleeiae</strong></span> <span class='ocrx_word' id='word_1_647' title='bbox 1221 4792 1257 4855; x_wconf 95' lang='lat' dir='ltr'><strong>in</strong></span> <span class='ocrx_word' id='word_1_648' title='bbox 1286 4789 1419 4857; x_wconf 92' lang='lat' dir='ltr'><strong>modum</strong></span> <span class='ocrx_word' id='word_1_649' title='bbox 1447 4788 1553 4854; x_wconf 91' lang='lat' dir='ltr'><strong>timidi</strong></span> <span class='ocrx_word' id='word_1_650' title='bbox 1580 4792 1657 4856; x_wconf 87' lang='lat' dir='ltr'><strong>eunt</strong></span> <span class='ocrx_word' id='word_1_651' title='bbox 1679 4797 1714 4852; x_wconf 92' lang='lat' dir='ltr'><strong>et</strong></span> <span class='ocrx_word' id='word_1_652' title='bbox 1735 4785 1863 4868; x_wconf 88' lang='lat' dir='ltr'><strong>abieeti,</strong></span> <span class='ocrx_word' id='word_1_653' title='bbox 1895 4797 1933 4854; x_wconf 92' lang='lat' dir='ltr'><strong>ut</strong></span> <span class='ocrx_word' id='word_1_654' title='bbox 1955 4786 2038 4854; x_wconf 91' lang='lat' dir='ltr'><strong>nihil</strong></span> <span class='ocrx_word' id='word_1_655' title='bbox 2060 4806 2119 4872; x_wconf 91' lang='lat' dir='ltr'><strong>pro</strong></span> <span class='ocrx_word' id='word_1_656' title='bbox 2141 4785 2196 4852; x_wconf 88' lang='lat' dir='ltr'><strong>de·</strong></span> 
     </span>
     <span class='ocr_line' id='line_1_49' title="bbox 196 4872 2194 4964; baseline -0.004 -19"><span class='ocrx_word' id='word_1_657' title='bbox 196 4881 296 4946; x_wconf 84' lang='lat' dir='ltr'><strong>fuisse</strong></span> <span class='ocrx_word' id='word_1_658' title='bbox 325 4876 397 4943; x_wconf 92' lang='lat' dir='ltr'><strong>Deo</strong></span> <span class='ocrx_word' id='word_1_659' title='bbox 430 4875 689 4943; x_wconf 87' lang='lat' dir='ltr'><strong>oommendatue:</strong></span> <span class='ocrx_word' id='word_1_660' title='bbox 727 4886 824 4959; x_wconf 90' lang='lat' dir='ltr'><strong>atque</strong></span> <span class='ocrx_word' id='word_1_661' title='bbox 851 4877 913 4943; x_wconf 94' lang='lat' dir='ltr'><strong>hoo</strong></span> <span class='ocrx_word' id='word_1_662' title='bbox 942 4878 1039 4945; x_wconf 93' lang='lat' dir='ltr'><strong>modo</strong></span> <span class='ocrx_word' id='word_1_663' title='bbox 1068 4880 1169 4964; x_wconf 90' lang='lat' dir='ltr'><strong>impe·</strong></span> <span class='ocrx_word' id='word_1_664' title='bbox 1221 4873 1367 4941; x_wconf 79' lang='lat' dir='ltr'><strong>tensione</strong></span> <span class='ocrx_word' id='word_1_665' title='bbox 1400 4875 1549 4941; x_wconf 84' lang='lat' dir='ltr'><strong>veritatis</strong></span> <span class='ocrx_word' id='word_1_666' title='bbox 1575 4874 1717 4941; x_wconf 87' lang='lat' dir='ltr'><strong>andeuut</strong></span> <span class='ocrx_word' id='word_1_667' title='bbox 1744 4892 1844 4957; x_wconf 92' lang='lat' dir='ltr'><strong>quum</strong></span> <span class='ocrx_word' id='word_1_668' title='bbox 1874 4893 1956 4958; x_wconf 88' lang='lat' dir='ltr'><strong>opus</strong></span> <span class='ocrx_word' id='word_1_669' title='bbox 1979 4882 2038 4956; x_wconf 88' lang='lat' dir='ltr'><strong>est,</strong></span> <span class='ocrx_word' id='word_1_670' title='bbox 2060 4872 2194 4939; x_wconf 88' lang='lat' dir='ltr'><strong>minime</strong></span> 
     </span>
     <span class='ocr_line' id='line_1_50' title="bbox 197 4958 2193 5049; baseline -0.003 -18"><span class='ocrx_word' id='word_1_671' title='bbox 197 4975 318 5031; x_wconf 88' lang='lat' dir='ltr'><strong>tratum</strong></span> <span class='ocrx_word' id='word_1_672' title='bbox 334 4963 401 5029; x_wconf 89' lang='lat' dir='ltr'><strong>illis</strong></span> <span class='ocrx_word' id='word_1_673' title='bbox 416 4961 516 5029; x_wconf 85' lang='lat' dir='ltr'><strong>luisse</strong></span> <span class='ocrx_word' id='word_1_674' title='bbox 529 4962 671 5049; x_wconf 85' lang='lat' dir='ltr'><strong>gratiam</strong></span> <span class='ocrx_word' id='word_1_675' title='bbox 687 4980 706 5025; x_wconf 89' lang='lat' dir='ltr'><strong>a</strong></span> <span class='ocrx_word' id='word_1_676' title='bbox 720 4960 801 5041; x_wconf 89' lang='lat' dir='ltr'><strong>Deo,</strong></span> <span class='ocrx_word' id='word_1_677' title='bbox 826 4984 890 5029; x_wconf 88' lang='lat' dir='ltr'><strong>non</strong></span> <span class='ocrx_word' id='word_1_678' title='bbox 913 4974 1023 5031; x_wconf 79' lang='lat' dir='ltr'><strong>autem</strong></span> <span class='ocrx_word' id='word_1_679' title='bbox 1047 4967 1170 5033; x_wconf 81' lang='lat' dir='ltr'><strong>virtute</strong></span> <span class='ocrx_word' id='word_1_680' title='bbox 1267 4960 1397 5027; x_wconf 83' lang='lat' dir='ltr'><strong>berneri</strong></span> <span class='ocrx_word' id='word_1_681' title='bbox 1424 4959 1481 5025; x_wconf 94' lang='lat' dir='ltr'><strong>illo</strong></span> <span class='ocrx_word' id='word_1_682' title='bbox 1504 4960 1620 5045; x_wconf 89' lang='lat' dir='ltr'><strong>spiritu</strong></span> <span class='ocrx_word' id='word_1_683' title='bbox 1642 4981 1663 5026; x_wconf 90' lang='lat' dir='ltr'><strong>a</strong></span> <span class='ocrx_word' id='word_1_684' title='bbox 1683 4980 1747 5044; x_wconf 91' lang='lat' dir='ltr'><strong>qno</strong></span> <span class='ocrx_word' id='word_1_685' title='bbox 1770 4969 1928 5046; x_wconf 87' lang='lat' dir='ltr'><strong>reguntur</strong></span> <span class='ocrx_word' id='word_1_686' title='bbox 1949 4960 2074 5027; x_wconf 89' lang='lat' dir='ltr'><strong>Obristi</strong></span> <span class='ocrx_word' id='word_1_687' title='bbox 2095 4958 2193 5026; x_wconf 82' lang='lat' dir='ltr'><strong>servi.</strong></span> 
     </span>
     <span class='ocr_line' id='line_1_51' title="bbox 196 5044 2193 5136; baseline -0.004 -20"><span class='ocrx_word' id='word_1_688' title='bbox 196 5050 285 5136; x_wconf 88' lang='lat' dir='ltr'><strong>signi</strong></span> <span class='ocrx_word' id='word_1_689' title='bbox 314 5050 414 5116; x_wconf 81' lang='lat' dir='ltr'><strong>fnisse</strong></span> <span class='ocrx_word' id='word_1_690' title='bbox 443 5047 509 5113; x_wconf 92' lang='lat' dir='ltr'><strong>illis</strong></span> <span class='ocrx_word' id='word_1_691' title='bbox 538 5047 658 5114; x_wconf 83' lang='lat' dir='ltr'><strong>datam.</strong></span> <span class='ocrx_word' id='word_1_692' title='bbox 706 5045 914 5132; x_wconf 83' lang='lat' dir='ltr'><strong>Quamquam</strong></span> <span class='ocrx_word' id='word_1_693' title='bbox 942 5052 1075 5135; x_wconf 88' lang='lat' dir='ltr'><strong>signum</strong></span> <span class='ocrx_word' id='word_1_694' title='bbox 1103 5074 1169 5118; x_wconf 92' lang='lat' dir='ltr'><strong>non</strong></span> <span class='ocrx_word' id='word_1_695' title='bbox 1206 5097 1209 5102; x_wconf 85' lang='lat'><em>-</em></span> <span class='ocrx_word' id='word_1_696' title='bbox 1254 5045 1318 5113; x_wconf 92' lang='lat' dir='ltr'><strong>nde</strong></span> <span class='ocrx_word' id='word_1_697' title='bbox 1350 5044 1498 5128; x_wconf 88' lang='lat' dir='ltr'><strong>sequitur</strong></span> <span class='ocrx_word' id='word_1_698' title='bbox 1529 5044 1740 5129; x_wconf 82' lang='lat' dir='ltr'><strong>peuoissimos</strong></span> <span class='ocrx_word' id='word_1_699' title='bbox 1773 5045 1869 5112; x_wconf 90' lang='lat' dir='ltr'><strong>hodie</strong></span> <span class='ocrx_word' id='word_1_700' title='bbox 1900 5066 1971 5112; x_wconf 90' lang='lat' dir='ltr'><strong>esse</strong></span> <span class='ocrx_word' id='word_1_701' title='bbox 2000 5069 2042 5113; x_wconf 86' lang='lat' dir='ltr'><strong>ex</strong></span> <span class='ocrx_word' id='word_1_702' title='bbox 2071 5045 2111 5112; x_wconf 89' lang='lat' dir='ltr'><strong>iie</strong></span> <span class='ocrx_word' id='word_1_703' title='bbox 2138 5046 2193 5129; x_wconf 90' lang='lat' dir='ltr'><strong>qui</strong></span> 
     </span>
     <span class='ocr_line' id='line_1_52' title="bbox 195 5131 2193 5218; baseline -0.004 -14"><span class='ocrx_word' id='word_1_704' title='bbox 195 5137 319 5204; x_wconf 82' lang='lat' dir='ltr'><strong>frustra</strong></span> <span class='ocrx_word' id='word_1_705' title='bbox 347 5156 409 5201; x_wconf 90' lang='lat' dir='ltr'><strong>nee</strong></span> <span class='ocrx_word' id='word_1_706' title='bbox 434 5133 595 5202; x_wconf 85' lang='lat' dir='ltr'><strong>inutiliter</strong></span> <span class='ocrx_word' id='word_1_707' title='bbox 616 5131 849 5201; x_wconf 86' lang='lat' dir='ltr'><strong>adhibebatur:</strong></span> <span class='ocrx_word' id='word_1_708' title='bbox 877 5135 934 5202; x_wconf 91' lang='lat' dir='ltr'><strong>sed</strong></span> <span class='ocrx_word' id='word_1_709' title='bbox 956 5150 1079 5205; x_wconf 86' lang='lat' dir='ltr'><strong>tessera</strong></span> <span class='ocrx_word' id='word_1_710' title='bbox 1100 5148 1170 5204; x_wconf 87' lang='lat' dir='ltr'><strong>erat</strong></span> <span class='ocrx_word' id='word_1_711' title='bbox 1221 5133 1356 5199; x_wconf 89' lang='lat' dir='ltr'><strong>titulum</strong></span> <span class='ocrx_word' id='word_1_712' title='bbox 1384 5137 1506 5217; x_wconf 88' lang='lat' dir='ltr'><strong>gerunt</strong></span> <span class='ocrx_word' id='word_1_713' title='bbox 1533 5131 1769 5217; x_wconf 87' lang='lat' dir='ltr'><strong>ministrorum,</strong></span> <span class='ocrx_word' id='word_1_714' title='bbox 1797 5133 1854 5217; x_wconf 91' lang='lat' dir='ltr'><strong>qui</strong></span> <span class='ocrx_word' id='word_1_715' title='bbox 1879 5134 2057 5218; x_wconf 87' lang='lat' dir='ltr'><strong>genuinam</strong></span> <span class='ocrx_word' id='word_1_716' title='bbox 2079 5133 2193 5215; x_wconf 83' lang='lat' dir='ltr'><strong>probe·</strong></span> 
     </span>
     <span class='ocr_line' id='line_1_53' title="bbox 150 5216 2194 5312; baseline -0.005 -21"><span class='ocrx_word' id='word_1_717' title='bbox 150 5307 152 5312; x_wconf 69' lang='lat'><strong>,</strong></span> <span class='ocrx_word' id='word_1_718' title='bbox 194 5224 333 5291; x_wconf 91' lang='lat' dir='ltr'><strong>minime</strong></span> <span class='ocrx_word' id='word_1_719' title='bbox 352 5221 455 5289; x_wconf 82' lang='lat' dir='ltr'><strong>fallax</strong></span> <span class='ocrx_word' id='word_1_720' title='bbox 466 5223 537 5289; x_wconf 85' lang='lat' dir='ltr'><strong>eius</strong></span> <span class='ocrx_word' id='word_1_721' title='bbox 557 5221 692 5307; x_wconf 85' lang='lat' dir='ltr'><strong>gratiae,</strong></span> <span class='ocrx_word' id='word_1_722' title='bbox 713 5240 811 5304; x_wconf 88' lang='lat' dir='ltr'><strong>quam</strong></span> <span class='ocrx_word' id='word_1_723' title='bbox 835 5245 877 5289; x_wconf 85' lang='lat' dir='ltr'><strong>ex</strong></span> <span class='ocrx_word' id='word_1_724' title='bbox 898 5222 968 5307; x_wconf 88' lang='lat' dir='ltr'><strong>ipsa</strong></span> <span class='ocrx_word' id='word_1_725' title='bbox 983 5222 1046 5289; x_wconf 93' lang='lat' dir='ltr'><strong>Dei</strong></span> <span class='ocrx_word' id='word_1_726' title='bbox 1070 5244 1170 5290; x_wconf 87' lang='lat' dir='ltr'><strong>manu</strong></span> <span class='ocrx_word' id='word_1_727' title='bbox 1221 5220 1321 5289; x_wconf 85' lang='lat' dir='ltr'><strong>tionis</strong></span> <span class='ocrx_word' id='word_1_728' title='bbox 1332 5227 1443 5287; x_wconf 83' lang='lat' dir='ltr'><strong>nutam</strong></span> <span class='ocrx_word' id='word_1_729' title='bbox 1457 5216 1608 5285; x_wconf 89' lang='lat' dir='ltr'><strong>habeant.</strong></span> <span class='ocrx_word' id='word_1_730' title='bbox 1627 5216 1754 5298; x_wconf 82' lang='lat' dir='ltr'><strong>Quotus</strong></span> <span class='ocrx_word' id='word_1_731' title='bbox 1768 5221 1855 5286; x_wconf 89' lang='lat' dir='ltr'><strong>euim</strong></span> <span class='ocrx_word' id='word_1_732' title='bbox 1871 5220 2008 5303; x_wconf 87' lang='lat' dir='ltr'><strong>quisque</strong></span> <span class='ocrx_word' id='word_1_733' title='bbox 2023 5219 2194 5302; x_wconf 87' lang='lat' dir='ltr'><strong>reperitur,</strong></span> 
     </span>
    </p>
   </div>
   <div class='ocr_carea' id='block_1_3' title="bbox 0 0 2386 6016">
    <p class='ocr_par' dir='ltr' id='par_1_5' title="bbox 0 0 2386 6016">
     <span class='ocr_line' id='line_1_54' title="bbox 0 0 2386 6016; baseline 0 0"><span class='ocrx_word' id='word_1_734' title='bbox 0 0 2386 6016; x_wconf 95' lang='lat' dir='ltr'><strong> </strong></span> 
     </span>
    </p>
   </div>
  </div>
 </body>
</html>
