4762 6016
191 352 255 418 aaa
1065 342 1216 410 aaran
1239 340 1299 408 vr.
2128 352 2194 419 330

190 551 289 615 terite
322 547 399 614 eniti
423 544 609 628 praedicat,
641 543 719 624 qaia
748 541 886 608 mam
918 538 1166 622 apprehenderit.
1218 540 1321 603 amas
1336 536 1461 603 aileatio
1475 556 1570 618 aeque
1583 537 1784 622 mapaifiaem
1800 542 2017 620 patrocinium
2036 545 2194 614 doetea'me

193 633 255 702 Sea
285 635 364 717 quia
394 637 505 698 tanae
535 634 565 696 et
592 629 718 713 fnestra
746 629 905 692 oameraat
935 624 1074 691 homeres
1102 624 1168 690 aiei
1216 622 1289 706 soit,
1310 623 1392 688 aeee‘
1410 622 1545 688 eiamose
1564 643 1633 689 eam
1653 629 1771 690 artatas
1790 626 1880 708 [oret.
1916 626 2004 693 Nam
2024 650 2081 696 aaa
2101 632 2194 701 ittam

189 720 296 788 Deam
324 718 471 785 aeaeae
497 716 551 782 sai
578 734 691 781 aurare
717 717 865 794 autorem,
895 711 1078 777 imitandae
1099 709 1166 774 ala·
1218 710 1371 790 saepaiae
1399 713 1427 774 et
1456 708 1566 773 mortis
1592 709 1748 792 eaorifieio
1775 710 1891 778 melias
1914 734 2010 795 qaam
2029 736 2099 782 voce
2118 738 2192 785 aaa·

189 806 315 874 eritatis
343 825 442 871 eausa
471 801 621 867 meminit
642 800 741 866 etiam
773 797 1029 864 voeationis.
1074 794 1167 860 Nihil
1218 794 1302 860 eioit.
1338 794 1436 859 Hane
1458 800 1554 860 voest
1575 795 1718 861 bonam
1740 796 1987 865 confessionem.
2021 801 2108 867 Nam
2132 804 2193 870 Sa·

190 902 242 958 est
257 892 343 956 euim
358 888 444 972 quad
458 888 534 972 plus
553 887 656 953 animi
678 886 783 951 faeere
805 883 899 949 nobis
921 883 1046 966 debeat,
1069 901 1166 964 quam
1218 888 1325 978 crates
1343 900 1474 963 quoque
1495 890 1646 947 mortuus
1668 890 1731 948 est:
1756 904 1859 966 neque
1882 892 1992 951 mmen
2014 907 2102 952 mors
2123 891 2193 955 eius

190 979 269 1043 dum
291 977 443 1042 audimus
465 997 525 1041 uos
547 995 567 1039 a
589 971 661 1038 Deo
684 979 826 1038 voeatos.
870 968 955 1034 Nam
977 967 1055 1033 inde
1077 966 1166 1034 eolli·
1218 964 1365 1050 legitema
1394 966 1457 1031 fuit
1477 966 1652 1047 doetrinae,
1676 987 1774 1051 quam
1797 968 1938 1054 tenebat,
1961 974 2191 1056 comprobatio.

214 1064 221 1078 '
259 1084 307 1140 ns,
329 1083 396 1127 non
411 1061 540 1126 irritum
555 1059 625 1125 iore
639 1057 782 1124 laborem
798 1062 945 1122 nostrum
963 1055 1016 1121 eui
1039 1060 1168 1136 praeest
1218 1053 1265 1116 At
1287 1071 1388 1135 quum
1411 1050 1562 1119 audimus
1583 1053 1692 1119 lusum
1715 1074 1785 1120 esse
1807 1057 2003 1140 sanguinem
2030 1058 2090 1125 filii
2117 1060 2191 1142 Dei,

244 1171 291 1229 us,
313 1148 395 1213 etin
409 1166 475 1231 quo
497 1145 590 1212 nobis
611 1163 745 1210 manum
768 1141 916 1226 porrigit.
950 1140 1022 1206 Iam
1046 1149 1080 1204 et
1101 1139 1165 1204 ista
1217 1135 1299 1201 illud
1330 1148 1571 1204 sacrosanctum
1595 1149 1646 1205 eet
1677 1139 1832 1225 sigillum,
1861 1143 1949 1225 quod
1978 1145 2068 1210 omni
2098 1146 2191 1214 dubi·

189 1242 275 1301 esset
290 1234 401 1317 gravis
416 1232 638 1315 exprobratio,
660 1228 725 1296 Dei
739 1227 943 1295 rotationem
964 1225 1165 1308 repudiasse.
1218 1223 1341 1323 tatione
1368 1243 1429 1322 nos
1458 1223 1583 1290 eximit.
1625 1225 1716 1311 Ergo
1746 1228 1873 1310 quoties
1901 1228 2057 1296 raeillsnt
2081 1235 2192 1316 animi,

189 1318 302 1402 Quare
331 1319 385 1385 hio
412 1319 593 1386 aeerrimus
618 1313 771 1382 stimulus
792 1333 862 1379 esse
884 1311 989 1390 debet,
1018 1309 1166 1377 Deusta
1217 1328 1472 1388 memrueumus,
1501 1308 1668 1376 aOhristi
1694 1321 1798 1379 morte
1820 1315 2098 1384 aoniirmationem
2119 1341 2192 1387 esse

188 1406 230 1472 ad
253 1407 356 1474 vitam
379 1415 544 1471 aeteruum
567 1407 678 1470 vorat:
701 1419 781 1468 aare
803 1421 844 1464 ue
866 1398 930 1463 elio
952 1396 1165 1480 abstraharis,
1217 1392 1355 1461 subinde
1370 1394 1553 1479 petendam.
1591 1396 1696 1464 Ouius
1711 1399 1800 1464 euim
1814 1400 1966 1484 ignaviae
1980 1404 2073 1489 ieret,
2092 1405 2191 1473 talem

188 1503 248 1557 aut
279 1490 400 1574 alioqui
433 1490 562 1555 defidas
594 1488 786 1572 priusquam
820 1505 892 1549 eam
926 1482 1028 1548 fueris
1056 1501 1166 1549 oense·
1217 1477 1330 1546 duoem
1355 1480 1448 1547 nabis
1471 1493 1680 1564 praeeuntem
1702 1483 1873 1552 deserere?

188 1584 320 1661 (lautus,
1243 1650 1249 1664 ι
1304 1566 1355 1631 la
1385 1566 1424 1634 Ue
1443 1587 1546 1634 aarum
1566 1570 1758 1638 mandatam.
1795 1570 1937 1638 Nomine
1958 1574 2104 1641 mandati
2125 1579 2191 1662 sig·

272 1661 319 1728 Et
348 1661 508 1744 antaeus
538 1657 650 1724 boream
676 1656 908 1739 confessionem.
959 1654 1165 1721 Oommemo·
1216 1652 1328 1717 uriioat
1357 1672 1440 1736 quae
1464 1652 1624 1720 haetenus
1647 1656 1686 1721 de
1708 1656 1815 1723 affinio
1837 1657 2002 1725 Timothei
2022 1661 2190 1728 disseruit:

187 1747 316 1814 ratione
338 1748 436 1812 etism
458 1745 636 1828 superioris
657 1744 746 1808 vitae
768 1742 874 1824 magis
895 1739 936 1805 ad
960 1737 1163 1824 pergendum
1216 1756 1355 1820 quorum
1376 1737 1458 1805 haeo
1479 1738 1542 1805 fuit
1564 1762 1703 1826 summa,
1734 1754 1771 1808 ut
1792 1763 1828 1809 se
1849 1743 1980 1809 fidelem
2002 1746 2136 1815 Ohristo
2158 1759 2192 1816 et

186 1833 344 1900 stimulat.
379 1833 522 1914 'lurpius
539 1830 627 1895 euim
650 1839 700 1893 est
722 1827 860 1928 defiesre
881 1836 1053 1919 postquam
1077 1835 1164 1891 reete
1216 1822 1370 1889 eeclesiae
1407 1826 1596 1891 ministrum
1630 1828 1810 1910 praeberet.
1866 1828 1956 1930 Quid
1989 1833 2077 1899 enim
2110 1855 2192 1918 opus

187 1935 650 2079 titillantia?
664 1911 1045 2084 §stittt'ttl‘t
1067 1930 1164 2062 titt.
1214 1909 1351 2078 {delfi
1372 1911 1624 2081 tzittitttl
1637 1920 1748 2063 titt.
1761 1914 2193 2083 ittitttithtt:

186 2090 348 2156 haetenus
365 2111 400 2155 se
422 2088 574 2174 gesserit:
599 2097 636 2152 ut
657 2086 773 2171 primis
795 2084 912 2150 ultima
933 2081 1162 2166 respondeant.
1214 2081 1334 2148 innata.
1369 2082 1484 2167 Neque
1499 2083 1587 2149 enim
1607 2086 1839 2152 eonstituimur
1861 2086 2016 2156 eoelesiae
2038 2093 2193 2171 ministri,

187 2175 436 2243 Confessionem
463 2174 613 2257 intellige
642 2192 710 2239 non
740 2171 848 2239 verbis
876 2180 1076 2252 oouaeptam,
1105 2168 1164 2235 sed
1214 2167 1293 2248 quin
1321 2167 1422 2234 simul
1452 2169 1545 2236 nobis
1568 2170 1658 2237 Deus
1687 2170 1888 2253 praeseribat
1914 2175 2071 2255 quidnam
2095 2198 2193 2263 egere

186 2263 297 2346 padue
328 2283 365 2327 re
397 2265 469 2346 ipse
502 2259 639 2324 editam:
670 2277 776 2341 neque
804 2255 838 2321 id
867 2255 968 2322 semel
991 2256 1163 2337 duntaxat,
1214 2272 1273 2318 nos
1296 2253 1386 2319 velit.
1429 2255 1482 2320 Ita
1503 2276 1637 2322 servare
1658 2257 1862 2340 mandatum,
1891 2258 1973 2323 nihil
1995 2262 2085 2326 aliud
2108 2273 2194 2329 esset

187 2347 243 2413 sed
258 2351 295 2412 in
309 2355 378 2413 toto
393 2345 587 2413 ministerio.
623 2342 747 2411 Sensus
765 2351 913 2427 ergoest,
935 2341 1047 2408 Habes
1069 2360 1161 2423 praa·
1213 2358 1310 2421 quam
1343 2360 1464 2409 munus
1495 2341 1558 2408 sibi
1588 2344 1798 2409 nammissum
1832 2342 1916 2408 bona
1947 2344 2013 2412 fide
2045 2349 2192 2432 exsequi.

187 2433 294 2501 oleras
322 2443 398 2499 tuas
427 2429 637 2500 oouiessionis
666 2431 789 2495 multos
817 2437 918 2493 testes
944 2446 1018 2492 oum
1039 2425 1162 2508 Ephesi
1213 2425 1358 2492 Omnino
1372 2439 1461 2493 oerte
1477 2427 1517 2493 ad
1533 2428 1752 2495 ministerium
1767 2428 1929 2495 Timothei
1944 2431 2061 2500 reiero.
2099 2433 2193 2516 Quae

187 2528 260 2584 tum
287 2521 323 2585 iu
341 2520 419 2620 aliis
440 2516 640 2619 regionibus,
668 2517 725 2598 qui
747 2524 780 2580 te
801 2513 942 2580 fideliter
964 2522 998 2579 et
1020 2514 1105 2578 serio
1126 2512 1162 2577 in
1214 2524 1396 2596 sequuntur
1411 2512 1563 2596 epitheta,
1585 2513 1670 2596 quod
1686 2515 1727 2580 ad
1742 2536 1854 2582 ossum
1874 2525 1907 2582 et
1928 2519 2192 2586 terminationem

186 2596 1163 2774 tttthttittttt{titthttttthttt}
1214 2600 2063 2775 etheit..2‘:t.i¹;²titt.?ttt.⁹ttttt
2083 2606 2190 2758 lit

186 2797 262 2843 eum
277 2797 406 2843 summo
427 2775 550 2858 pudore
572 2782 606 2840 st
627 2772 793 2850 dedecore,
816 2772 918 2837 ulium
942 2779 973 2836 te
996 2779 1162 2853 praestare
1214 2781 1264 2837 est
1291 2771 1407 2853 aptior.
1451 2770 1605 2835 Admonet
1632 2776 1736 2836 aetem
1759 2771 1895 2856 Paulae,
1925 2775 2009 2840 vitae
2029 2778 2191 2844 sanctitati

208 2883 284 2928 nam
312 2861 481 2947 egregium
510 2860 634 2927 Ohristi
664 2858 809 2924 militem.
858 2855 945 2922 Hine
972 2856 1162 2939 peaeraliter
1213 2861 1242 2924 et
1267 2858 1363 2938 paris
1390 2855 1531 2922 moetas
1556 2856 1745 2923 studendum
1766 2879 1841 2944 esee,
1863 2860 1894 2925 ei
1915 2861 1989 2927 uelit
2012 2861 2191 2930 remotae

185 2883 339 3028 baeer,
370 2952 406 3012 at
433 2947 566 3028 quisque
594 2949 738 3010 taetram
762 2944 866 3026 saepia
895 2942 1023 3022 eoeeltit,
1056 2941 1162 3007 matus
1212 2943 1274 3009 rite
1293 2962 1350 3009 erse
1369 2943 1492 3008 maneri
1512 2942 1703 3022 satietaeere.

185 3053 252 3101 esee
279 3032 484 3101 aretatem
511 3031 542 3097 a·
568 3029 701 3111 defleat,
727 3030 891 3114 mapieqae
919 3028 1069 3096 aereae
1088 3047 1161 3109 per·
1307 3028 1410 3112 Usque
1423 3028 1466 3095 ad
1479 3028 1691 3095 revelationem
1705 3029 1838 3096 Dorniai
1854 3033 1954 3098 matri
1968 3032 2045 3099 Iesu
2061 3031 2190 3102 Christi.

183 3120 318 3206 pendam
339 3119 408 3186 Dea
429 3117 609 3184 obstrictam
630 3136 703 3182 eoae.
863 3191 870 3202 ‚
1215 3112 1287 3183 Diei
1304 3136 1367 3181 non
1384 3124 1491 3198 potest
1505 3134 1601 3197 quam
1616 3114 1715 3180 fuerit
1728 3118 1791 3199 piis
1805 3116 1956 3183 omnibus
1970 3122 2191 3186 neeessariam

272 3205 324 3274 13.
345 3204 507 3272 Βιιιιιιιιὸο
527 3202 594 3268 tibi.
645 3202 754 3268 Tanta
775 3199 1033 3267 obtestationem
1062 3197 1159 3265 vehe-
1213 3202 1271 3268 illo
1285 3210 1441 3285 tempore,
1463 3211 1590 3267 mentes
1605 3200 1727 3267 habere
1747 3203 1784 3267 in
1807 3203 1892 3269 diem
1909 3203 2036 3271 Ohristi
2056 3225 2192 3290 prorsus

185 3285 317 3370 mentia
351 3310 416 3376 qua
435 3288 562 3357 Paulus
594 3287 715 3367 utitur,
754 3295 949 3372 argumento
981 3294 1031 3350 est
1063 3304 1160 3368 quam
1214 3286 1353 3353 defixas:
1380 3308 1480 3371 quum
1500 3288 1536 3353 iu
1558 3286 1681 3353 mundo
1702 3306 1960 3373 quaquaversum
1983 3300 2191 3359 ooourrereut

186 3377 329 3458 diffieilis
360 3378 406 3444 ait
437 3397 477 3444 aa
505 3394 580 3442 rara
608 3375 725 3458 virtus,
758 3382 904 3458 perstare
931 3373 967 3437 in
996 3369 1160 3453 evangelii
1213 3374 1387 3438 innumera
1415 3371 1577 3440 seandala.
1622 3372 1777 3457 Undique
1804 3376 2056 3460 impetebantur,
2086 3378 2190 3444 omui·

184 3463 375 3540 ministeuq
405 3471 443 3528 ut
464 3460 567 3540 dsoet,
596 3480 702 3544 usque
724 3459 765 3526 ad
788 3469 981 3526 extremum.
1016 3456 1162 3520 Tametsi
1213 3458 1275 3525 bus
1288 3459 1362 3524 odia
1376 3469 1471 3525 erant
1492 3467 1525 3524 et
1546 3459 1772 3538 exseorstioni,
1798 3464 1942 3528 omnium
1965 3463 2115 3532 ludibriis
2136 3484 2191 3530 sx-

185 3549 274 3615 euim
303 3548 383 3614 ahos
412 3568 539 3632 quoque
563 3547 716 3613 hortatur
735 3545 797 3612 sub
819 3542 983 3611 Timothei
1003 3560 1161 3626 personat
1214 3544 1311 3628 positi
1334 3555 1437 3629 erant,
1467 3545 1614 3628 quotidie
1636 3545 1870 3629 premebantur
1891 3550 1988 3616 novis
2009 3551 2190 3616 aerumnist

184 3633 285 3700 sirum
300 3642 411 3698 tamen
425 3653 499 3698 eum
522 3632 706 3715 oompeliat.
739 3631 846 3698 Porro
867 3651 951 3714 quae
973 3627 1014 3694 de
1028 3626 1162 3694 Christo
1214 3630 1327 3697 nullus
1357 3631 1485 3696 interea
1514 3642 1562 3698 tot
1590 3631 1739 3699 laborum
1762 3641 1795 3698 st
1816 3634 2040 3700 molestiarum
2062 3637 2190 3702 fruetur

185 3729 221 3786 et
236 3716 309 3784 Deo
330 3717 498 3801 praedioet
519 3737 562 3783 sx
576 3718 823 3784 sireumstantia
844 3716 1025 3800 praesentis
1046 3734 1161 3780 eaesae
1214 3714 1400 3802 apparebat.
1444 3715 1534 3798 Quid
1554 3717 1655 3801 igitur
1677 3727 1749 3785 arat
1770 3719 1943 3805 reliquum,
1964 3721 2029 3788 nisi
2043 3730 2081 3786 ut
2101 3723 2189 3804 eogi-

185 3804 379 3889 dependent.
414 3803 619 3886 Numquam
636 3801 709 3868 Deo
729 3801 792 3869 hoo
814 3801 930 3867 tribuit
950 3799 1036 3884 quod
1056 3799 1161 3867 vivi·
1215 3803 1339 3869 tatione
1353 3802 1594 3869 transmittent
1609 3804 1651 3870 ad
1666 3803 1797 3871 beatum
1816 3805 1908 3871 illum
1932 3806 2019 3872 diem
2042 3807 2191 3890 redemp-

186 3891 291 3960 iieet
321 3891 471 3970 omnia,
510 3887 581 3955 vult
613 3907 783 3954 oeourrere
815 3889 922 3954 erneis
954 3884 1161 3964 offendioulo,
1215 3890 1313 3956 honis
1346 3886 1497 3954 nostrae?
1549 3888 1757 3973 Quamquam
1789 3891 1902 3958 eadem
1937 3892 2034 3958 hodie
2062 3912 2191 3976 quoque

186 3997 272 4062 quse
286 3975 370 4047 nihii
388 3995 485 4060 quam
505 3973 623 4040 mortis
644 3972 785 4057 speeiem
807 3994 886 4056 pree
907 3993 943 4039 se
965 3972 1038 4038 tert.
1076 3967 1164 4036 Oou·
1215 3973 1520 4059 ratiospudvalet:
1543 3976 1694 4042 imolare
1715 3976 2190 4046 omnibussaeeulisestoom·

185 4061 236 4131 los
269 4084 347 4148 ergo
377 4059 576 4129 elaudendoe
608 4080 679 4126 esse
712 4058 890 4144 signifieat,
934 4057 989 4123 ubi
1022 4066 1161 4121 mortem
1214 4060 1336 4127 munis.
1389 4060 1497 4142 Quam
1531 4060 1635 4127 mults
1662 4063 1751 4129 euim
1780 4062 1910 4130 assidue
1939 4064 2042 4131 oeulis
2071 4064 2192 4130 uostris

187 4160 354 4217 ostentm
382 4168 420 4216 ao
447 4149 618 4213 minantur
646 4144 755 4230 impii:
785 4143 836 4210 vel
864 4144 973 4227 potius
996 4141 1030 4207 in
1054 4142 1162 4206 Deum
1214 4146 1336 4230 ingerit
1365 4145 1480 4223 Satan,
1509 4165 1594 4229 quae
1622 4147 1743 4231 alioqui
1771 4170 1831 4216 uos
1859 4168 1880 4214 a
1909 4162 1999 4216 reato
2028 4149 2192 4235 proposito

187 4235 294 4303 solum
322 4255 394 4301 esse
423 4232 619 4319 deligendos,
650 4233 728 4315 quis
756 4230 827 4314 ipse
855 4240 905 4296 est
934 4229 991 4312 qui
1015 4239 1163 4293 mortuos
1215 4233 1338 4297 oenties
1367 4232 1590 4300 abduooreut?
1633 4233 1760 4301 Omitto
1787 4237 1891 4319 ignes,
1920 4236 2054 4320 gladios,
2084 4237 2192 4313 exilia,

174 4322 331 4388 restituit
358 4321 395 4385 iu
422 4321 536 4388 vitam.
580 4316 719 4385 Summa
748 4316 813 4383 hue
838 4314 954 4393 tendit,
987 4326 1022 4380 ut
1044 4313 1163 4380 omisso
1194 4326 1250 4384 ·et
1278 4338 1392 4385 omnes
1419 4318 1559 4386 furiosos
1581 4318 1725 4385 hostium
1747 4321 1904 4405 impetus:
1936 4323 2051 4388 omitto
2072 4320 2193 4388 eelem-

187 4405 301 4474 mundi
326 4406 449 4471 intuitu
477 4405 512 4469 in
545 4403 649 4471 aolum
672 4401 783 4468 Deum
805 4402 965 4485 respioere
987 4400 1162 4466 diseamus.
1215 4405 1287 4470 nias
1319 4414 1353 4471 et
1383 4403 1463 4470 alias
1497 4406 1700 4472 vmadones:
1734 4427 1833 4490 quam
1861 4407 1966 4473 multa
1996 4416 2074 4474 suut
2102 4409 2192 4474 intus

188 4491 283 4574 Quod
306 4490 347 4556 de
369 4489 543 4557 Christo
566 4510 645 4555 mox
666 4489 811 4568 subiiait,
841 4488 986 4555 eontinet
1008 4485 1161 4550 eximiam
1215 4489 1312 4574 longe
1334 4489 1465 4575 peiora?
1516 4490 1701 4575 Inaurgunt
1729 4492 1891 4559 ambitiosi
1922 4493 2084 4580 homines,
2115 4493 2191 4560 sub·

186 4577 475 4646 eoniirmetiouem.
519 4574 745 4641 Admonemur
774 4573 873 4653 euim,
901 4594 969 4638 uon
998 4571 1059 4638 sub
1083 4570 1161 4636 Pla·
1216 4587 1359 4641 sannaut
1386 4576 1543 4660 Epieurei
1570 4587 1604 4644 st
1631 4577 1817 4658 Luoianioi,
1845 4579 2009 4644 insultant
2035 4582 2192 4663 protervi,

186 4663 456 4747 tonealiquonos
470 4660 702 4746 philosophari,
717 4660 774 4744 qui
788 4661 908 4727 otiosas
924 4657 1163 4742 disputationes
1215 4662 1361 4727 fremunt
1382 4662 1584 4746 hypooritae,
1614 4665 1670 4747 qui
1694 4663 1873 4730 seeundum
1895 4684 2025 4730 earnem
2048 4666 2192 4749 sapiunt,

185 4750 221 4815 iu
242 4750 358 4815 umbra
387 4758 521 4814 traetet:
551 4747 609 4814 sed
641 4747 832 4826 doetrinam,
861 4765 959 4829 quam
981 4745 1162 4827 profitetur,
1215 4746 1344 4830 oblique
1365 4768 1425 4815 nos
1447 4749 1608 4828 mordent,
1629 4749 1843 4816 sollieitamur
1865 4752 1966 4816 variis
1979 4751 2106 4816 artibus
2128 4750 2193 4817 huo

186 4840 294 4902 morte
322 4834 383 4900 lilii
411 4833 476 4899 Dei
504 4834 663 4900 saneitam
691 4851 774 4898 esse.
823 4831 899 4897 Nou
929 4831 1018 4896 enim
1048 4826 1162 4893 multis
1215 4842 1248 4898 et
1272 4833 1361 4900 illue.
1404 4832 1556 4918 Denique
1583 4836 1699 4919 iugens
1729 4844 1779 4900 est
1806 4836 2001 4903 miraoulum
2029 4856 2129 4920 quum
2157 4837 2192 4902 in

186 4921 296 4988 verbis
310 4919 466 4986 Ohristus
481 4940 574 4987 auam
589 4917 902 4984 uouisseiouem
917 4915 988 4983 sub
1003 4913 1161 4991 Pilato,
1215 4928 1283 4984 tam
1307 4917 1409 4985 arduo
1431 4929 1466 4986 et
1487 4919 1665 5002 perieuloso
1686 4940 1825 4986 munere
1846 4923 2007 5006 quispiam
2029 4922 2193 4988 iuirsotus

186 5005 245 5073 sed
273 5027 310 5072 re
337 5007 410 5091 ipsa
436 5005 669 5092 (voluntariam
695 5003 818 5072 seilieat
838 5013 976 5068 mortam
999 4998 1163 5085 obeundo)
1215 5014 1415 5089 perseveret.
1458 5005 1522 5073 His
1552 5015 1599 5072 tot
1625 5004 1873 5074 ditfiaultatibus
1902 5010 2035 5074 unieum
2065 5017 2116 5074 est
2141 5028 2193 5073 re·

187 5094 334 5159 asseruit.
393 5091 480 5158 Nara
511 5091 570 5157 etei
600 5094 700 5156 tatere
733 5087 882 5156 caretas
914 5107 1020 5154 eoram
1055 5085 1163 5152 Pilato
1215 5090 1370 5171 medium,
1399 5091 1509 5159 oeulos
1537 5093 1696 5159 oouiioere
1725 5093 1759 5159 iu
1786 5091 1913 5161 Christi
1945 5093 2193 5179 apparitionem,

185 5178 507 5334 aetate
521 5171 1163 5330 ιιιιιιι
1215 5185 1249 5329 ι
1270 5177 1361 5331 ιι
1380 5177 1838 5333 estalante
1859 5190 1975 5350 ιι
1997 5179 2193 5351 ιιι

997 5308 1005 5325 “
1768 5313 1778 5350 t
