4762 6016
189 391 253 456 317
530 462 531 465 q
609 405 611 410 1
1084 377 1235 445 CAPUT
1257 378 1299 444 V.
2131 382 2195 451 318

189 602 303 651 eornm
324 578 523 648 existimatio
551 577 659 662 (qood,
680 584 790 642 tamen
813 576 920 660 ipsum
942 592 1098 658 perquam
1120 573 1169 638 in·
1220 571 1452 641 offendioulum
1482 593 1592 640 seeum
1622 574 1744 640 ierunt.
1788 575 1875 641 Nam
1897 577 1925 642 si
1947 578 2020 661 quis
2041 594 2083 643 ex
2104 600 2194 662 pres·

192 670 329 755 dignum
351 674 401 734 est
422 667 458 733 in
479 672 549 731 tam
570 664 708 731 honesto
738 660 874 746 ordine),
901 660 958 728 sed
984 658 1168 725 detrahitur
1220 658 1344 743 byteris
1376 659 1497 743 absque
1529 659 1654 743 flagitio
1685 659 1864 744 deliquerit,
1899 663 2055 746 privatim
2089 668 2194 750 magis

191 755 351 820 autoritas
372 761 599 820 saerosanotae
613 749 677 815 Dei
700 748 876 815 doetrinae.
901 749 1013 829 Atque
1028 745 1062 810 id
1077 765 1167 828 prae·
1219 745 1460 811 admonendum
1490 766 1561 812 esse
1589 755 1715 812 eertum
1745 754 1803 826 est,
1833 768 1931 830 quam
1954 748 2061 832 pelam
2085 751 2196 818 redar-

191 843 286 925 oipue
319 839 371 923 (ut
404 838 488 922 dixi)
520 836 657 901 molitur
679 833 792 902 Satan.
847 832 959 916 Neque
993 832 1081 897 enim
1114 831 1168 896 hie
1218 829 1396 914 guendum.

191 936 322 991 tantum
344 924 434 990 relat
455 921 538 988 illud
561 920 718 997 Platonis,
744 918 923 1003 malignum
945 939 1016 985 esse
1038 916 1168 1001 vulgus,
1303 917 1356 981 21.
1379 915 1536 983 &entier
1554 937 1659 984 eorem
1677 917 1755 985 Deo.
1791 918 1884 986 Haeo
1906 919 2079 987 obtestatio
2096 922 2196 989 inter·

190 1033 230 1078 ao
245 1009 539 1094 praestantioribus
553 1005 718 1073 inridere:
740 1006 797 1072 sed
819 1025 884 1087 quo
901 1006 1058 1072 einaerius
1080 1003 1168 1086 qnis-
1218 1002 1324 1085 posita
1352 1002 1413 1067 tuit
1442 1003 1598 1082 aPaulo,
1628 1025 1693 1070 non
1722 1013 1852 1070 tantum
1882 1019 1920 1071 ιιι
1941 1007 1974 1072 in
1998 1028 2033 1071 re
2054 1009 2197 1074 maxime

192 1118 255 1180 que
278 1105 445 1179 pastorum
468 1113 659 1179 promovere
680 1090 790 1158 studet
811 1111 949 1174 regnem
971 1087 1106 1168 Ohristi,
1129 1101 1168 1153 eo
1218 1088 1318 1164 seria,
1359 1089 1416 1153 sed
1456 1090 1554 1154 etiam
1592 1101 1726 1174 propter
1761 1112 1924 1158 summam
1961 1091 2195 1161 diifioultatem.

191 1183 316 1248 maiore
343 1188 500 1247 oneretur
532 1177 665 1256 invidia,
698 1181 733 1244 st
760 1178 979 1260 proterviores
1007 1174 1168 1240 adversus
1219 1172 1312 1237 Nihil
1334 1176 1423 1240 enim
1446 1172 1610 1241 diffieilius
1631 1196 1729 1260 quem
1753 1184 1845 1243 tanta
1861 1178 2026 1261 aequitate
2043 1200 2197 1247 exereere

143 1258 152 1279 ¹
191 1289 266 1334 sum
300 1269 387 1333 liunt
417 1266 572 1332 insultus.
615 1263 688 1330 lam
719 1281 799 1329 vero
832 1261 1028 1345 simulatque
1060 1260 1170 1343 aliqua
1219 1258 1347 1339 indioia,
1369 1269 1407 1324 nt
1429 1281 1533 1343 neque
1550 1262 1657 1345 gratie
1675 1283 1820 1346 unquam
1839 1264 1991 1342 fleotaris,
2014 1286 2073 1331 neo
2091 1266 2197 1349 suspi-

192 1353 234 1420 de
265 1353 357 1418 verbi
385 1352 546 1418 ministris
573 1349 759 1416 eriminatio
787 1348 878 1425 exiit,
908 1347 1044 1432 perinde
1074 1367 1112 1412 aa
1140 1346 1169 1410 si
1220 1344 1367 1411 aionibus
1406 1346 1463 1411 des
1496 1345 1632 1429 editum,
1672 1370 1731 1415 neo
1772 1349 1989 1416 delationibus
2026 1352 2196 1431 movearis,

191 1441 259 1505 iam
281 1438 422 1506 eonvioti
445 1438 561 1520 lorent,
583 1445 673 1502 oerta
694 1433 758 1500 fide
780 1434 951 1516 exeipitnr.
989 1431 1029 1496 ld
1050 1431 1169 1499 aoeidit
1221 1451 1281 1496 nea
1308 1432 1417 1514 rigore
1443 1433 1488 1497 sis
1510 1432 1639 1514 nimius,
1668 1453 1728 1499 neo
1749 1435 1838 1500 aliud
1861 1437 1895 1500 in
1918 1438 2068 1503 omnibus
2090 1440 2196 1505 eousia

192 1544 260 1591 non
282 1531 411 1590 mntem
433 1524 510 1606 quia
538 1523 643 1587 maior
664 1519 705 1586 ab
726 1519 791 1585 illis
813 1520 957 1603 exigitur
978 1518 1168 1602 integritas:
1220 1536 1317 1598 qnam
1340 1518 1444 1602 ipsam
1463 1537 1594 1583 oausam
1613 1521 1776 1603 respioias.
1813 1521 1899 1587 Nam
1918 1521 1994 1587 inde
2011 1523 2063 1589 ius
2080 1544 2198 1608 aequa·

193 1609 251 1678 sed
280 1611 359 1693 quia
388 1609 559 1692 plerosque
588 1607 657 1674 iare
684 1624 798 1671 omnes
827 1603 931 1670 Satan
962 1604 1002 1670 ad
1032 1604 1187 1669 nimiam
1222 1601 1295 1682 bile,
1317 1624 1416 1686 quum
1435 1606 1584 1687 personis
1602 1605 1705 1672 olausi
1722 1619 1799 1673 sunt
1815 1606 1911 1672 oeuli.
1948 1609 2198 1676 Meminerimus

193 1694 420 1762 eredulitatem
450 1693 596 1778 instigat,
630 1699 666 1756 ut
694 1690 785 1756 nulla
818 1690 1027 1773 inquisitione
1056 1690 1170 1755 habita
1221 1698 1341 1764 autem,
1371 1689 1425 1753 hio
1452 1688 1513 1755 sub
1535 1690 1698 1758 Timothei
1730 1713 1870 1775 persona
1892 1692 2059 1759 admoneri
2082 1713 2198 1761 omnes

193 1779 310 1865 eupide
332 1780 490 1845 damnent
511 1799 588 1844 snos
602 1789 759 1863 pastores,
781 1796 919 1859 qnorum
941 1777 1025 1842 tueri
1048 1776 1168 1840 lamam
1221 1784 1377 1858 pastores,
1408 1783 1442 1841 et
1474 1775 1683 1843 Timotheum
1712 1781 1832 1844 armari
1862 1778 1964 1845 veluti
1993 1779 2109 1865 elypeo
2138 1780 2195 1847 ad·

192 1862 1169 2035 t‘tttltttll.litttttt”lttlt‘ttltlttt
1220 1863 2195 2035 titt..t‘ltttttttltl‘ltttntristis&

192 2036 439 2103 maledioentiae
453 2036 673 2120 presbyteros,
688 2033 788 2101 donee
803 2032 960 2118 legitimis
974 2034 1169 2099 testimoniis
1221 2030 1344 2098 hibera.
1392 2033 1563 2098 Timotheo
1591 2034 1693 2118 igitur
1714 2034 1823 2101 Deum
1853 2037 1946 2119 ponit
1975 2048 2052 2104 ante
2078 2039 2197 2118 oeulos,

192 2125 261 2191 sint
289 2122 439 2189 eonvioti.
484 2121 599 2204 Neque
631 2121 719 2186 enim
752 2123 873 2185 mirum
907 2134 957 2186 est
988 2121 1016 2185 si
1047 2119 1169 2184 multos
1221 2126 1257 2181 ut
1285 2119 1366 2183 soiat
1395 2138 1460 2184 non
1490 2121 1616 2187 minore
1638 2122 1795 2205 religione
1818 2121 1878 2189 sibi
1901 2121 2197 2190 administrandum

192 2208 337 2275 habeant
358 2209 478 2291 hostes,
500 2227 641 2290 quorum
663 2205 807 2272 offieium
829 2214 889 2282 est,
919 2206 1065 2269 omnium
1088 2205 1169 2270 vitia
1221 2222 1291 2268 esse
1313 2223 1409 2268 snum
1432 2224 1562 2281 munus,
1584 2227 1681 2289 qnam
1703 2207 1732 2272 si
1754 2218 1866 2292 ageret
1887 2211 1922 2274 in
1939 2219 2114 2291 oonspeotu
2134 2211 2198 2276 Dei

192 2294 442 2379 reprehendere,
457 2293 571 2377 pravis
585 2293 733 2358 omnium
747 2290 976 2375 eupiditetibus
990 2290 1168 2368 adversari,
1220 2297 1254 2353 et
1282 2289 1484 2373 angelorum.
1537 2291 1714 2375 Postquam
1745 2291 1856 2358 Deum
1885 2295 2076 2373 nominavit,
2106 2294 2198 2360 addit

191 2382 368 2447 severitate
396 2397 458 2444 sua
483 2379 635 2445 eohibere
661 2397 872 2461 qnoseunque
905 2395 1015 2441 errare
1043 2375 1168 2441 vident.
1220 2375 1320 2439 stiam
1336 2373 1515 2442 Obriatnm.
1553 2377 1638 2441 Nam
1661 2381 1689 2445 is
1710 2389 1761 2445 est
1782 2381 1834 2446 oui
1855 2389 1949 2463 pater
1966 2400 2095 2446 omnem
2112 2381 2197 2447 iudi·

194 2464 283 2548 Quid
305 2484 383 2550 ergo
412 2465 521 2530 fietsi
549 2463 734 2548 promissus
759 2464 936 2528 audientur
957 2480 1169 2545 quaeeunque
1219 2460 1316 2525 oandi
1346 2466 1539 2543 potestatem
1567 2461 1694 2543 detulit,
1723 2469 1758 2530 et
1785 2484 1894 2531 ooram
1923 2466 2018 2532 onina
2040 2466 2197 2533 tribunale

193 2551 236 2616 de
257 2550 324 2616 illis
345 2569 479 2634 sparsae
501 2551 623 2615 inerint
644 2546 847 2616 oelumniaei
1221 2546 1322 2612 semel
1345 2545 1584 2632 apparebimus.
1625 2548 1771 2634 Angelos
1794 2549 1926 2617 Christo
1948 2552 2106 2637 adiungit,
2132 2574 2197 2619 non

279 2637 331 2703 20.
363 2634 529 2702 Peoeootes
557 2654 656 2718 argue
684 2652 789 2700 eoram
820 2631 972 2700 mnibus.
1030 2631 1169 2713 Quoties
1221 2641 1377 2715 tanquam
1400 2632 1532 2713 inditas,
1562 2633 1618 2699 aad
1642 2646 1796 2719 tanquam
1820 2636 1948 2703 interos
1970 2645 2071 2705 testes
2093 2639 2198 2725 negli-

193 2722 287 2789 bonis
307 2731 454 2801 seretur,
483 2721 545 2787 hoo
566 2720 644 2786 meli
672 2720 713 2785 ad
735 2719 977 2784 immunitatem
1000 2738 1093 2784 suam
1116 2739 1168 2784 ar·
1221 2719 1361 2800 gantiae,
1389 2722 1448 2783 aut
1477 2721 1680 2802 temeritatis,
1709 2733 1766 2787 aut
1787 2721 1982 2802 ambitionis,
2012 2734 2070 2790 ant
2091 2726 2198 2791 malae

192 2809 327 2890 ripinnt.
370 2805 487 2890 Itaque
514 2807 601 2890 quod
625 2805 665 2871 de
695 2803 890 2888 repellendis
918 2805 1048 2870 iniustis
1074 2823 1168 2871 eoen-
1221 2803 1306 2869 fidei.
1353 2804 1483 2870 Adsunt
1510 2806 1598 2870 enim
1620 2815 1828 2889 speetatores,
1857 2821 1991 2893 propter
2012 2811 2198 2878 iniunotam

194 2892 375 2959 sationibus
389 2891 518 2958 dixerat
539 2891 675 2971 Panlus,
698 2892 744 2957 aie
766 2900 927 2973 temperat
955 2890 1017 2957 huo
1037 2901 1170 2956 senten·
1220 2889 1282 2955 sibi
1303 2889 1457 2956 eoolesiae
1478 2910 1600 2957 eurem.
1643 2892 1690 2958 Ει
1711 2912 1791 2960 sane
1812 2894 1887 2977 plus
1908 2915 2005 2978 quam
2028 2898 2198 2980 stupidum

194 2980 250 3058 ιιι,
268 2999 310 3045 ne
320 2980 373 3043 oui
385 2988 496 3043 tamen
506 2978 640 3061 impons
655 2975 717 3044 hoo
728 2985 898 3060 praetextu
914 2995 1048 3058 peoeare
1063 2974 1168 3042 lineet.
1221 2983 1254 3042 et
1282 2995 1418 3041 saxeum
1447 2996 1518 3043 esee
1538 2986 1674 3060 oportet,
1703 2981 1755 3043 oui
1777 3000 1844 3045 non
1866 2982 2011 3048 exentiat
2032 2989 2083 3049 tor
2127 3002 2197 3049 rem

192 3065 240 3130 Et
263 3084 342 3131 sane
362 3062 513 3130 ridemus
527 3063 661 3145 quantis
682 3071 715 3129 et
736 3082 833 3146 qnam
849 3061 1084 3145 multiplicibus
1105 3062 1170 3144 pri·
1222 3066 1256 3128 et
1278 3062 1485 3128 osoitantiam
1509 3062 1578 3129 sola
1600 3063 1680 3130 haee
1702 3066 1870 3150 rogitatis:
1894 3066 2060 3134 theatrum
2113 3069 2142 3135 ei
2165 3075 2200 3135 et

195 3149 325 3234 vilegiis
351 3169 447 3216 sunm
476 3148 600 3215 olerum
629 3149 786 3215 munierit
814 3156 968 3232 papatus:
1001 3155 1039 3213 ut
1068 3167 1167 3231 quum
1221 3147 1411 3231 angelornm
1438 3167 1510 3214 esse
1531 3148 1685 3216 eooleeiae
1708 3152 1987 3235 gubernationem.
2032 3153 2097 3221 Ubi
2120 3175 2199 3222 vero

193 3234 740 3388 attriti-'itti
756 3232 1170 3386 ttttlttt‘iltlzt
1221 3232 1996 3390 hildilidiiff‘llill’nimiffl
2018 3261 2056 3307 ²⁰
2077 3240 2198 3391 ,gna

299 3344 320 3388 n
360 3371 368 3388 .
431 3343 467 3387 er
540 3343 551 3386 ι
974 3368 981 3395 ,
1157 3357 1169 3368 ·
1522 3343 1549 3384 ιι
1652 3344 1685 3388 ιι
1771 3371 1779 3388 .
1876 3345 1921 3392 eo
2011 3347 2034 3392 ι
2186 3365 2200 3378 -

193 3405 267 3492 ligit
282 3407 465 3474 Gratianus
485 3425 584 3473 eausa
601 3405 753 3483 seeundo,
776 3416 901 3489 quaest.
916 3403 948 3487 4,
970 3339 1047 3470 itohr
1066 3424 1122 3487 qn.
1137 3403 1168 3490 i,
1220 3405 1354 3490 gelos,
1386 3340 1456 3471 nori)
1483 3414 1614 3472 tantum
1643 3412 1680 3472 ut
1710 3427 1729 3473 a
1756 3411 1903 3493 reprobis
1932 3346 2105 3491 disheronhi,
2130 3348 2196 3480 hild

194 3512 262 3558 non
284 3495 348 3559 erit
368 3491 548 3577 perieulum
570 3514 612 3558 ne
634 3512 779 3576 unquam
795 3492 836 3557 ed
859 3489 1059 3557 reddendam
1082 3491 1168 3556 ritae
1220 3490 1433 3557 extollentiae
1450 3511 1559 3572 eausa,
1578 3501 1615 3557 ut
1632 3492 1707 3577 plns
1724 3497 1929 3563 reverentiae
1946 3497 2065 3565 habeat
2082 3519 2196 3566 eorum

193 3579 357 3645 rationem
371 3588 540 3661 eoguntur.
576 3577 642 3644 Ubi
664 3579 751 3644 anim
773 3576 1049 3662 septuagintaduo
1069 3582 1168 3643 testes
1222 3577 1454 3643 testimonium.

192 3663 407 3746 reperientur,
430 3681 510 3746 quos
529 3663 566 3729 in
582 3663 733 3747 episeopo
755 3661 941 3729 damnando
955 3662 1092 3746 requirit
1108 3683 1168 3747 pu·
1306 3661 1432 3746 Absque
1458 3663 1726 3747 proedpitotione.
1780 3664 1948 3754 Πρόκριμα
1981 3669 2130 3750 Graeois,
2168 3673 2197 3739 si

192 3748 299 3815 tidem
320 3746 464 3814 edietum
478 3747 540 3813 sub
554 3749 686 3814 nomine
700 3747 888 3834 Sylvestrii
921 3747 1050 3815 Deinde
1064 3767 1167 3831 quum
1222 3747 1357 3815 verbnm
1387 3749 1427 3814 de
1449 3750 1548 3816 verbo
1577 3751 1753 3836 exprimas,
1781 3753 1884 3819 latine
1912 3765 2009 3821 sonat
2035 3757 2196 3841 praeindi-

192 3843 280 3901 totus
294 3833 452 3899 laieorum
474 3832 554 3899 ordo
569 3833 610 3899 ab
628 3835 833 3901 assumtione
849 3842 1005 3912 areentur,
1027 3833 1065 3898 in
1079 3833 1167 3899 olero
1219 3835 1316 3899 oium.
1346 3831 1474 3900 Verum
1489 3837 1598 3919 potins
1613 3837 1776 3922 signifieat
1791 3840 2035 3908 fesdnationsm
2050 3842 2197 3924 nimiam,

191 3921 291 3986 etiam
326 3919 469 3985 minores
501 3918 680 3985 maioribus
712 3918 949 4002 prohibeantur
981 3917 1166 3984 molestiam
1220 3919 1297 3985 dnm
1318 3941 1354 3986 re
1375 3921 1523 3986 nondum
1546 3922 1628 3989 bene
1649 3935 1818 4007 perspeota
1846 3930 1969 3993 umere
2002 3930 2194 4012 pronuntie-

190 4006 368 4073 ieoeaeare:
408 4004 486 4088 qnid
522 4005 659 4089 impedit
695 4004 869 4088 quominus
905 4005 1010 4070 seonri
1047 4003 1166 4069 iudioia
1219 4024 1311 4071 mna:
1341 4013 1398 4071 ant
1420 4007 1584 4091 signifieat
1603 4009 1814 4076 immodieum
1836 4012 1993 4094 laveram,
2014 4034 2116 4099 quum
2139 4014 2195 4081 de·

185 4092 298 4158 omnia
330 4089 480 4157 rideant?
534 4089 680 4156 Proinde
718 4089 832 4156 sedulo
869 4088 949 4155 haee
986 4087 1164 4154 moderatio
1219 4091 1521 4174 ierimuspsraonis
1542 4093 1736 4179 plusquam
1769 4118 1908 4182 aequum
1937 4108 1996 4177 est,
2030 4099 2084 4165 vel
2114 4100 2196 4167 alios

191 4176 335 4243 tenendo
363 4184 423 4255 est,
453 4186 493 4242 at
517 4182 727 4244 ooeroeantur
747 4174 880 4259 linguae
900 4174 1094 4259 petulantes,
1123 4194 1166 4241 ne
1218 4186 1373 4259 tanquam
1395 4178 1531 4245 eximios
1553 4179 1626 4246 aliia
1676 4183 1885 4250 raeierimue:
1908 4185 1993 4269 quod
2011 4187 2046 4252 in
2064 4185 2193 4253 indieiis

189 4264 276 4331 debs
297 4261 489 4329 oriminibus
509 4260 718 4348 presbyteros
738 4259 915 4327 infament:
941 4269 975 4328 et
996 4270 1106 4358 tamen
1128 4265 1166 4326 ut
1218 4281 1347 4346 semper
1375 4270 1426 4329 est
1452 4263 1614 4347 iniquum.
1688 4288 1748 4352 rgo
1776 4269 1831 4336 hio
1852 4271 1908 4338 rel
1936 4273 2114 4352 levitatem,
2141 4271 2195 4340 rel

188 4349 339 4432 quisquis
359 4348 447 4414 inter
468 4369 524 4416 eos
544 4348 632 4414 male
652 4367 689 4414 ιι
710 4355 1165 4432 geret,severeaorr1gatnr.
1218 4367 1431 4431 personarum
1463 4369 1537 4417 aeee
1562 4351 1684 4417 tionem
1717 4352 1852 4421 damnat
1884 4357 2019 4424 Paulus.
2068 4357 2194 4424 Eodem

188 4433 275 4499 Nam
306 4435 347 4501 ds
368 4433 570 4520 presbyteris
591 4433 653 4500 hoe
675 4432 797 4501 dietum
820 4433 951 4515 aoeipio,
979 4431 1088 4515 palam
1112 4452 1164 4498 ar·
1217 4438 1345 4517 speetat
1373 4435 1441 4501 iere
1468 4455 1512 4519 qo
1583 4439 1737 4521 seqnitur,
1767 4461 1832 4507 non
1861 4463 1932 4508 esse
1954 4444 2019 4512 hoo
2041 4443 2096 4510 vel
2116 4444 2195 4511 illue

187 4519 337 4605 guentms
357 4539 429 4587 esse
450 4521 509 4603 qui
531 4518 685 4587 dissolute
706 4519 833 4587 neunt.
871 4516 1005 4601 Quare?
1030 4527 1067 4584 nt
1087 4517 1163 4584 reli·
1218 4518 1458 4586 declinandum.
1494 4520 1571 4590 Diei
1592 4526 1679 4589 anim
1698 4525 1755 4590 vix
1776 4537 1883 4609 potest
1904 4549 2001 4611 quam
2019 4528 2195 4597 diffiaultar

212 4606 255 4684 ni,
279 4605 357 4672 dum
378 4626 422 4672 ns
442 4606 508 4671 illis
529 4605 658 4690 quidem
680 4605 771 4690 paral
788 4603 905 4671 vident
925 4606 982 4687 qui
1003 4602 1108 4689 ςιιᾶι
1131 4614 1164 4671 et
1217 4624 1253 4671 se
1270 4607 1434 4672 retineant
1451 4608 1506 4691 qui
1524 4607 1688 4676 iudioandi
1706 4630 1827 4677 munus
1843 4616 2017 4694 sustinent,
2038 4615 2127 4681 inter
2146 4625 2194 4680 tot

187 4625 350 4776 dignitate
367 4701 444 4758 sunt
460 4692 655 4776 superiores,
676 4691 735 4758 tali
748 4690 899 4774 exemplo
914 4689 1041 4767 moniti,
1059 4690 1164 4775 magis
1217 4710 1255 4758 ao
1283 4699 1349 4756 tam
1378 4693 1484 4759 varios
1513 4694 1684 4778 impulsus.
1728 4696 1887 4763 Nonnulli
1915 4700 2042 4768 aodioes
2070 4701 2193 4769 habent

188 4777 337 4844 timeant.
378 4776 465 4843 Nam
486 4777 584 4845 sionni
605 4777 764 4844 honestes
785 4777 874 4842 vitae
896 4776 1048 4860 exemplo
1069 4795 1163 4859 prae-
1215 4774 1422 4863 ιιρὸσιιλησιν.
1466 4778 1533 4846 Sed
1553 4781 1642 4864 prior
1663 4781 1759 4848 leotio
1781 4783 1886 4868 magis
1908 4787 2070 4853 eonvenit.

187 4861 238 4926 ire
259 4861 333 4928 eliis
350 4861 468 4929 debent
484 4863 683 4948 presbyteri:
706 4863 755 4928 ita
770 4863 799 4929 ei
817 4861 1023 4945 delinquunt,
1045 4861 1163 4928 severi·

187 4954 290 5013 tatem
306 4947 497 5031 disoiplinae
518 4950 662 5015 exereeri
683 4952 764 5034 arga
785 4948 872 5032 ipsos
893 4947 1058 5031 eonvenit,
1079 4966 1164 5031 qnae
1302 4947 1353 5014 22.
1371 4947 1493 5016 Manus
1506 4952 1565 5018 aito
1580 4971 1620 5017 ne
1632 4953 1685 5019 eoi
1701 4955 1973 5039 imperemusque
1989 4959 2192 5027 communires

187 5032 341 5100 omnibns
368 5035 413 5099 sit
440 5033 602 5117 exemplo.
645 5033 714 5102 Oor
743 5034 832 5102 enim
861 5033 936 5116 plue
963 5033 1029 5099 illis
1054 5032 1163 5099 indol-
1210 5036 1349 5116 pereatis
1368 5035 1492 5102 dionis.
1535 5036 1743 5122 Tantalipsom
1761 5061 1879 5124 parom
1898 5045 2029 5111 antedi.
2065 5043 2118 5110 23.
2142 5044 2193 5112 Ne

187 5127 306 5204 geatur
322 5118 481 5200 beandas,
499 5139 638 5205 quorum
655 5128 788 5204 peaoma
801 5119 899 5205 longe
914 5120 1046 5205 gravium
1062 5137 1162 5202 qnam
1209 5120 1341 5202 posthae
1365 5119 1454 5187 babos
1478 5141 1610 5204 aquom:
1635 5126 1690 5191 sed
1709 5127 1846 5208 paululo
1873 5129 1945 5195 vino
1965 5135 2049 5196 «saa
2064 5137 2192 5215 propter

184 5204 327 5272 aliorum
349 5205 490 5274 noeentl
526 5204 679 5291 Intellige
700 5218 812 5273 autem
833 5205 920 5292 quod
942 5205 1022 5273 dioit
1037 5205 1163 5272 Paulus
1214 5205 1407 5274 ιιοιιιαιῖιιιιιι
1423 5212 1512 5274 mm
1527 5209 1692 5278 atesim
1706 5217 1780 5279 tuos
1792 5214 2000 5296 infimitates.
2031 5215 2083 5284 24.
2109 5219 2188 5300 Quo

184 5291 230 5358 de
250 5293 428 5361 sosleribne
449 5301 508 5360 aut
527 5291 699 5378 flagitiosis
719 5293 869 5376 pennatis,
891 5311 976 5375 ques
997 5291 1161 5376 publioum
1213 5293 1353 5362 rendam
1378 5292 1539 5363 baiam
1558 5301 1685 5381 perroto
1711 5304 1783 5365 onte
1800 5302 1971 5386 manifesta
1991 5307 2074 5382 ιιιιιι,
2102 5302 2189 5386 sesti
