4762 6016
188 315 249 381 127
814 309 959 379 EPIST.
982 310 1126 381 raum
1148 311 1211 377 ΔΙ)
1234 309 1563 380 OOLOSSENSES
2131 307 2196 376 128

187 510 216 577 si
247 503 403 594 putarent
425 504 550 573 nnllam
579 503 642 583 sui,
674 509 734 571 aut
765 524 833 571 nou
861 523 1014 590 magnam
1048 504 1162 571 haberi
1214 511 1252 570 ιιι
1277 504 1333 570 alii
1364 524 1506 572 oremus.
1552 503 1625 572 Nou
1656 525 1735 590 ergo
1761 511 1888 572 tautum
1917 502 2038 572 debent
2066 504 2196 593 singuli

187 593 348 661 rationem
370 611 480 662 uorum
500 588 583 671 Deo,
605 608 673 657 non
687 611 758 658 ease
779 610 879 659 ourae
900 610 980 658 suas
1001 589 1160 658 miserias.
1213 610 1274 674 pro
1300 590 1456 657 iratmbus
1479 610 1587 674 orare,
1617 589 1676 658 sed
1697 589 1797 657 etiam
1818 589 1963 659 rioissim
1984 611 2026 657 ex
2048 589 2192 659 aliorum

187 678 316 747 Deinde
338 698 434 762 saepe
463 679 502 744 lit
523 687 562 743 ut
581 677 671 744 servi
692 675 755 760 ipsi
776 680 936 759 oooupent
957 675 1069 744 uloisoi
1091 695 1160 742 ιιι·
1213 696 1339 760 quoque
1370 675 1522 760 preoibus
1551 676 1735 760 suppetias,
1768 677 1896 760 quoties
1922 677 1969 742 ita
1990 697 2044 744 res
2065 676 2192 762 tulerit,

187 766 254 831 lam
275 776 310 830 ot
330 763 542 831 inhumanum
565 762 802 830 traotationem.
846 761 936 830 Huio
953 761 1055 847 igitur
1075 761 1162 828 malo
1212 759 1327 828 sedulo
1355 772 1519 845 expetere.
1562 761 1610 828 At
1638 761 1761 845 puerile
1791 768 1842 829 est
1869 761 2072 846 papistarum
2093 782 2131 828 ar
2176 798 2192 817 ·

187 852 337 927 ooourrit
360 870 460 934 quum
482 848 638 915 admouet
658 846 912 933 exspeotaudum
933 867 1004 915 esse
1026 846 1090 913 Dei
1113 848 1162 915 iu·
1213 855 1379 932 mentum,
1405 848 1462 932 qui
1488 846 1565 914 inde
1591 853 1740 914 mortuos
1761 846 1984 932 implorandos
2006 867 2079 915 esse
2100 784 2192 916 oolli-

188 936 307 1004 diuium
330 956 404 1002 oum
425 933 607 1002 tolerantia.
1213 944 1313 1018 gunt,
1343 943 1382 1000 ιιι
1405 954 1465 1017 pro
1486 932 1579 1000 uobis
1599 942 1705 1000 orent.
1749 932 1838 1016 Quid
1860 932 1949 999 euim
1971 931 2101 1001 simile?
2124 933 2190 1001 lra-

1213 1029 1302 1086 trum
1334 1019 1486 1104 praeibas
1518 1040 1554 1087 se
1586 1018 1712 1087 Paulus
1744 1018 1966 1099 sommendat,
1998 1018 2193 1103 quibusoam

1213 1104 1276 1171 sibi
1290 1124 1332 1172 ex
1347 1105 1412 1171 Dei
1427 1103 1581 1171 mandato
1598 1115 1747 1172 mutuam
1765 1103 2097 1173 eommuuioationem
2119 1125 2192 1173 esse

535 1192 718 1275 CAPUT
741 1191 813 1274 IV,
1213 1191 1315 1257 novit.
1359 1190 1444 1272 Quis
1467 1190 1601 1276 negabit
1621 1190 1656 1257 in
1679 1191 1817 1258 mortuis
1838 1211 1965 1258 oessars
1988 1190 2073 1257 hano
2094 1191 2193 1257 ratio-

1213 1275 1311 1342 nem?
1355 1275 1497 1344 Omissis
1524 1295 1603 1361 ergo
1631 1276 1750 1343 talibus
1776 1276 1925 1362 ineptiis,
1954 1276 2127 1344 redeamus
2148 1274 2192 1343 sd

273 1365 302 1429 1.
325 1363 466 1440 Domini,
488 1362 573 1446 qood
588 1362 709 1428 iustum
729 1365 783 1443 set,
804 1363 905 1428 servis
926 1361 1070 1443 antiteta,
1090 1383 1160 1428 mu·
1213 1361 1362 1428 Paulum.
1407 1361 1691 1443 Quemadmodum
1720 1362 1781 1430 insi
1808 1384 1848 1428 ne
1876 1360 2055 1430 modestiae
2078 1381 2190 1428 exem·

186 1456 332 1532 tuomque
354 1447 628 1546 aequabilitatem·
644 1449 772 1514 emmae
791 1447 873 1530 quod
892 1469 946 1515 vos
971 1467 1088 1532 quoque
1108 1449 1161 1517 do·
1213 1447 1303 1531 plum
1334 1449 1368 1513 iu
1397 1468 1436 1514 eo
1465 1445 1639 1526 habemus,
1669 1447 1753 1534 qaod
1775 1382 1902 1515 iamne
1930 1448 2011 1515 alios
2031 1447 2073 1514 ad
2095 1467 2192 1532 opem

185 1535 307 1602 mimum
328 1535 467 1602 imme
493 1534 530 1599 im
552 1532 656 1601 melo.
706 1533 736 1599 2.
763 1531 908 1601 Orationi
927 1534 1053 1614 ἑιιιιιιι,
1081 1534 1161 1618 oiqi·
1213 1534 1275 1600 sibi
1297 1533 1465 1601 ferendam
1488 1532 1641 1602 advoost:
1669 1536 1718 1600 ita
1738 1534 1836 1600 otiam
1858 1532 2091 1615 admonemur,
2120 1553 2191 1598 rem

185 1621 283 1688 lantes
303 1623 339 1688 im
358 1644 406 1699 eo,
431 1639 501 1685 mm
520 1619 702 1702 pretiorum
721 1618 850 1685 ustione.
894 1618 924 1684 3.
951 1618 1045 1687 Orate
1064 1619 1163 1686 simui
1212 1640 1283 1686 esse
1312 1618 1444 1704 plenam
1473 1619 1635 1686 maximae
1658 1619 1876 1701 dilfioultatia‚
1905 1629 2097 1686 ooustauter
2118 1639 2192 1703 per·

185 1703 1162 1874 inimitiffiiiwaiiwiam
1212 1704 1754 1876 l²tltl⁰f⁰t⁸l⁰tslt⁰tll’
1767 1706 2193 1859 :trt‘litttmdtt

185 1882 307 1944 simmaa
334 1898 420 1959 nrm,
453 1877 484 1941 4.
508 1881 543 1941 ut
562 1877 757 1958 manifestem
777 1876 873 1956 mod,
900 1877 1161 1959 quemadmodum
1212 1876 1272 1944 hoo
1304 1877 1418 1943 adesse
1449 1879 1548 1961 oapit.
1601 1878 1646 1944 Et
1674 1876 1774 1944 simul
1802 1878 1922 1943 mirum
1952 1876 2013 1943 asli
2042 1873 2193 1943 ardorem

187 1969 301 2047 oportet
321 1984 369 2030 ιιι
390 1963 483 2045 loqui.
1211 1961 1389 2029 oonsidera.
1425 1961 1499 2028 Non
1515 1970 1566 2029 eet
1581 1962 1621 2029 da
1636 1982 1698 2029 sua
1714 1962 1822 2031 salute
1836 1962 2003 2047 sollioitna,
2026 1982 2094 2028 non
2112 1961 2194 2045 petit

1213 2069 1272 2132 pro
1305 2070 1340 2114 se
1372 2047 1463 2115 fundi
1494 2048 1534 2114 ab
1564 2048 1708 2115 aeolesiis
1747 2070 1860 2131 praees
1895 2059 1931 2114 ut
1961 2048 2124 2132 eripiatur
2152 2068 2192 2112 ex

276 2135 304 2200 1.
327 2134 477 2209 Domini,
510 2133 593 2215 qood
620 2133 738 2198 iustrsm
759 2138 812 2198 eat.
859 2134 946 2215 Quod
967 2135 1086 2200 ιἰιιιιιιιι
1106 2138 1161 2212 ost,
1212 2134 1356 2219 perionlo
1378 2133 1503 2200 mortis.
1545 2134 1618 2201 Hoo
1640 2153 1707 2200 uuo
1730 2143 1906 2201 oontsntus
1927 2143 1991 2212 est,
2016 2133 2045 2200 si
2066 2141 2191 2216 perstet

182 2222 293 2302 priore
310 2221 374 2287 loeo
384 2221 482 2302 ponit,
505 2240 568 2300 qao
581 2237 649 2284 oooe
670 2217 894 2284 tonantium
909 2219 1000 2285 Eam
1019 2220 1162 2303 dasiqmot
1212 2224 1354 2288 inviotua
1371 2229 1404 2286 et
1421 2219 1604 2302 intrepidus
1619 2219 1653 2284 in
1668 2221 1873 2287 oouleesione
1888 2219 2062 2305 evangelii.
2096 2217 2189 2286 Adeo

188 2308 226 2371 (le
246 2327 310 2388 quo
327 2307 487 2389 praecepit
507 2307 542 2368 im
562 2304 695 2385 epistola
716 2304 759 2369 od
777 2303 934 2387 Ephesios
953 2303 998 2391 (6,
1017 2304 1060 2390 8).
1100 2304 1163 2370 Sed
1213 2308 1316 2374 vitam
1330 2326 1425 2372 suam
1440 2303 1565 2372 christi
1581 2305 1704 2390 gloriae
1722 2312 1756 2372 et
1773 2304 1935 2390 evangelii
1958 2304 2190 2391 propagationi

189 2393 266 2473 quio
294 2392 420 2458 serviis
444 2391 579 2458 conditio
601 2388 640 2454 ab
662 2388 748 2454 ieris
766 2390 938 2472 despicitur
958 2392 1051 2473 quusi
1073 2411 1162 2456 esu·
1212 2413 1326 2460 sooura
1363 2391 1536 2476 postponit
1601 2390 1777 2457 antsrum
1815 2412 1872 2475 per
1907 2392 2070 2457 ianuam
2106 2410 2192 2456 ser·

188 2478 285 2554 otim,
314 2478 460 2544 utnulla
481 2496 514 2541 se
543 2475 606 2558 ispe
632 2472 784 2560 obstrimqi
804 2480 928 2559 puteat:
958 2477 994 2541 im
1020 2476 1162 2542 ordinem
1213 2479 1346 2545 monis
1382 2477 1573 2560 simplieiter
1613 2477 1777 2561 signilloat
1819 2477 1905 2560 quod
1941 2476 1987 2543 ad·
2026 2475 2190 2561 Ephesios

188 2584 239 2630 eos
273 2566 351 2648 ooqit
379 2563 518 2629 Paulus:
557 2562 634 2644 qm'a
668 2562 792 2642 uirgae
822 2563 947 2644 potitor
980 2561 1163 2628 subiaceant
1212 2564 1257 2649 (6,
1279 2563 1332 2650 19)
1350 2564 1438 2642 dieii,
1461 2564 1527 2629 oris
1547 2563 1764 2648 apertionem:
1787 2563 1941 2630 Ohristus
1963 2570 2073 2628 autem
2095 2570 2192 2627 rooat

188 2649 252 2717 Dei
273 2652 414 2732 imperio.
459 2647 545 2715 Hinc
571 2648 633 2712 isto
659 2648 750 2713 outae
777 2649 918 2714 meinimit
945 2646 1160 2730 aequiobilitaa.
1212 2673 1250 2717 os
1277 2660 1310 2717 et
1342 2649 1549 2734 sapientiam.
1600 2648 1708 2717 Seusu
1738 2649 1826 2715 euim
1857 2647 1942 2713 nihil
1971 2647 2081 2713 differt
2109 2644 2190 2712 haee

276 2735 482 2818 Mutuomqmo
496 2732 753 2817 aequabilitatem,
785 2733 851 2799 Alii
867 2755 959 2800 senus
973 2745 1159 2817 exponunt:
1212 2736 1358 2819 loquutio
1387 2735 1428 2801 ab
1457 2735 1531 2815 illa,
1562 2735 1619 2802 sed
1647 2733 1753 2800 forma
1780 2743 1918 2800 tautum.
1963 2732 2119 2833 Elegauti
2146 2731 2190 2797 ai·

189 2822 247 2889 aad
275 2842 344 2887 nou
374 2820 486 2888 dubito
513 2820 592 2904 quin
621 2818 745 2884 Paulus
773 2819 904 2904 ἰσότητα
934 2820 986 2884 hio
1016 2819 1162 2902 posuerit
1213 2822 1346 2905 quidem
1363 2821 1553 2905 metaphora
1567 2821 1621 2890 hio
1639 2821 1809 2906 expressit,
1832 2819 1935 2886 nihilo
1954 2818 2082 2886 faoilrus
2098 2816 2191 2884 uobis

189 2929 248 2992 pro
278 2910 349 2973 iure
375 2907 527 2989 aualogo,
558 2909 616 2971 aut
638 2904 857 2972 distributive:
889 2906 1160 2989 quemadmodum
1213 2929 1302 2992 esse,
1337 2907 1538 2974 oontidenter
1578 2908 1618 2974 de
1651 2906 1822 2990 evangelio
1853 2905 1963 2991 loqui,
2000 2924 2100 2990 quam
2133 2923 2191 2989 per

189 2994 230 3059 ad
253 2993 414 3078 Ephesios
443 2995 484 3057 τὰ
505 2990 598 3057 αὐτά.
643 2989 756 3074 Neque
784 2992 871 3056 euim
894 2991 940 3057 sio
963 2991 1083 3057 habant
1105 2991 1161 3058 do·
1212 2993 1357 3061 olausam
1376 3004 1410 3060 et
1428 2991 1612 3060 obseratam
1635 2993 1767 3059 inunum
1790 2993 1982 3075 irrumpere.
2018 2990 2082 3057 Est
2102 2990 2189 3056 onim

190 3082 271 3148 mini
299 3080 459 3146 obnoxios
488 3077 552 3143 sibi
578 3095 707 3154 servos,
745 3076 825 3159 quin
861 3077 1005 3144 viaissim
1037 3076 1161 3160 aliquid
1212 3079 1276 3145 hoo
1300 3101 1375 3146 rere
1397 3079 1544 3146 divinum
1567 3100 1659 3161 opus,
1684 3077 1959 3162 quemadmodum
1981 3085 2016 3143 et
2036 3075 2190 3143 curnem

189 3167 268 3251 ipsis
297 3163 450 3230 debeant:
481 3159 752 3248 quemadmodum
780 3161 832 3229 ius
854 3161 1029 3247 analogum
1052 3164 1161 3231 valera
1214 3165 1642 3252 dioebat(ldatth.10‚20)‚
1665 3164 1740 3231 Nou
1754 3165 1833 3230 estis
1855 3184 1914 3231 ros
1929 3164 1985 3247 qni
2007 3159 2189 3245 loquimini,

190 3254 286 3319 debet
308 3254 394 3317 iuter
416 3271 530 3316 omues
552 3248 691 3315 ordinet.
1214 3251 1271 3318 sed
1288 3253 1423 3338 spiritus
1440 3252 1543 3334 patria
1560 3252 1663 3319 vostri
1681 3250 1736 3335 qui
1754 3248 1902 3333 loquitur
1918 3250 1956 3314 in
1974 3246 2075 3315 vobis.
2108 3246 2189 3311 Pro·

275 3339 305 3402 2.
332 3336 477 3402 Oratiomi
503 3337 624 3401 imtote.
668 3332 768 3400 Redit
795 3332 835 3399 ad
857 3333 1027 3418 generales
1047 3334 1162 3401 exhor·
1213 3336 1320 3420 posita
1336 3338 1438 3421 igitur
1460 3336 1659 3416 difficultate,
1681 3335 1787 3422 magia
1804 3335 2014 3402 Oolosssuses
2035 3330 2078 3398 ad
2097 3351 2190 3399 oran·

188 3424 338 3500 tationes,
367 3422 540 3505 inquibus
562 3442 628 3486 uon
650 3419 805 3486 dabamus
826 3420 991 3502 requirere
1012 3432 1161 3487 exaotum
1214 3423 1293 3489 dum
1322 3423 1484 3505 stimulat,
1517 3444 1616 3508 quum
1648 3428 1789 3488 testatur
1818 3443 1884 3488 non
1913 3421 2075 3487 aliterue
2102 3423 2190 3484 rsote

189 3507 351 3574 ordinem:
382 3509 497 3574 luisset
524 3508 611 3572 enim
641 3507 703 3571 hoo
733 3505 826 3571 modo
853 3506 893 3570 ab
915 3506 1061 3573 oratione
1082 3507 1162 3574 inei·
1214 3529 1309 3593 posse
1339 3508 1443 3593 loqui,
1476 3507 1540 3575 nisi
1571 3507 1732 3592 dirigatur
1759 3528 1781 3573 a
1802 3507 1946 3574 Domino
1976 3525 2037 3571 aua
2065 3503 2189 3588 lingna.

188 3593 351 3678 piendum.
396 3592 464 3660 Sed
485 3592 610 3659 Paulus
632 3592 665 3657 id
689 3591 824 3657 minime
845 3593 1016 3674 speotarit.
1056 3592 1160 3658 Porro
1213 3593 1365 3661 Ssouudo
1387 3600 1637 3679 argumentatur
1658 3613 1678 3659 a
1699 3593 1747 3660 rei
1767 3593 1936 3678 dignitato,
1963 3609 2069 3675 quum
2089 3609 2188 3657 evan·

111 3760 112 3772 χ
187 3680 291 3747 hioiu
307 3679 453 3746 oratioue
471 3678 534 3744 duo
555 3677 772 3758 commendat,
794 3678 899 3762 primo
920 3677 1159 3745 assiduitatem:
1213 3678 1335 3765 galium
1363 3689 1460 3746 rooat
1485 3681 1728 3765 mysterium
1751 3677 1918 3748 Ohriati.
1963 3677 2079 3761 Neque
2101 3675 2188 3742 enim

188 3767 304 3833 deinde
332 3765 551 3843 alaeritatem,
587 3765 637 3830 vel
664 3763 781 3830 seriam
805 3763 1031 3830 intentionem.
1075 3762 1162 3830 Nam
1213 3765 1432 3850 perfunotorie
1465 3764 1678 3832 laborandum
1711 3772 1763 3832 est
1794 3765 1829 3831 iu
1862 3785 1898 3830 re
1924 3771 2026 3831 tantu.
2078 3760 2190 3828 wardo

188 3875 288 3935 quum
320 3851 411 3931 dieii,
444 3850 585 3928 laetata,
619 3851 660 3915 ad
694 3847 970 3933 perseverandum
999 3847 1160 3918 hortatur.
1213 3856 1446 3920 oommemorat
1467 3853 1564 3918 stiam
1585 3872 1682 3919 auum
1704 3849 1896 3935 perieulum.

187 3938 406 4024 Vigilantiam
439 3947 548 4003 autem
583 3938 718 4020 opponit
749 3935 862 4020 frigori
896 3948 929 3999 ιι
960 3936 1160 4003 osoitantias.
1299 3938 1330 4002 4.
1356 3937 1624 4021 Quemadmodum
1644 3941 1768 4022 oportet.
1808 3934 1900 4002 Haeo
1921 3930 2083 4019 partioula
2105 3930 2187 3998 diffi-

189 4024 292 4091 Addit
313 4025 552 4109 gratiarum
574 4023 790 4097 astionem,
813 4023 889 4105 quia
906 4021 954 4088 sie
974 4041 1032 4104 pro
1053 4041 1161 4090 ueose
1213 4023 1365 4090 oultatem
1392 4024 1585 4107 amplificat:
1615 4045 1691 4090 nam
1714 4022 1823 4090 innuit
1842 4042 1907 4088 uou
1929 4040 2001 4088 esse
2022 4038 2092 4086 rem
2114 4016 2187 4083 vul·

188 4113 285 4177 sitate
308 4122 477 4192 praesente
507 4108 672 4192 rogandus
694 4117 745 4174 est
765 4106 858 4174 Deus
880 4113 1004 4173 utnon
1027 4105 1161 4175 oblivis·
1213 4130 1335 4194 garam.
1367 4110 1421 4177 Ad
1436 4111 1599 4195 Ephesios
1613 4109 1704 4176 addit
1716 4110 1770 4174 ινα
1784 4106 2059 4194 πιρῤησιάσιιμαι.
2091 4100 2187 4172 Unda

189 4218 302 4263 namur
332 4197 464 4262 interim
496 4204 625 4279 aeoepta
654 4191 819 4260 benefida
863 4192 992 4259 Deinde
1017 4213 1082 4259 non
1104 4193 1162 4261 de-
1213 4201 1303 4277 patet
1329 4217 1404 4264 eum
1427 4195 1622 4279 intrepidam
1644 4193 1797 4261 fidaeiam
1820 4195 1882 4260 sibi
1903 4203 2050 4276 optasse,
2079 4188 2186 4274 qualia

189 4283 360 4348 bemusita
374 4302 443 4347 assa
458 4279 649 4366 importuni,
664 4284 701 4345 ut
714 4279 892 4346 tremamus
907 4288 940 4343 et
954 4278 1162 4363 indignemur
1213 4280 1388 4366 Evangelii
1410 4283 1610 4348 maiestatem
1633 4278 1734 4345 dsoet
1777 4279 1881 4346 Porro
1902 4299 2002 4362 quum
2026 4276 2083 4343 hio
2103 4272 2186 4342 nihil

188 4369 216 4433 si
239 4370 390 4452 protinus
413 4367 497 4435 votis
520 4366 641 4433 uostris
663 4366 754 4433 Deus
776 4384 844 4431 uon
866 4365 974 4431 obtem
998 4374 1077 4445 eret,
1103 4365 1161 4432 sed
1213 4365 1302 4433 aliud
1329 4377 1406 4452 agat
1426 4367 1565 4446 Paulus,
1594 4385 1693 4449 quam
1713 4363 1800 4449 quod
1822 4365 1884 4431 sibi
1906 4363 1977 4430 dari
1998 4363 2092 4448 oupit
2137 4379 2184 4426 ra·

189 4455 300 4536 aequis
318 4454 437 4520 animis
455 4452 605 4537 exoipere
622 4451 779 4536 quidquid
795 4448 928 4517 dederit
984 4461 1018 4516 ιι
1039 4449 1161 4536 duplex
1212 4451 1294 4518 tiam
1329 4452 1487 4538 implendi
1525 4451 1577 4519 sui
1608 4449 1724 4517 ollioii:
1759 4451 2006 4517 meminerimus
2037 4383 2184 4534 reguiam

189 4540 369 4622 gratiarum
399 4540 483 4607 aetio
511 4539 693 4605 neeessaria
722 4546 780 4604 est.
828 4537 899 4620 Qum
925 4537 964 4604 de
984 4557 1018 4602 m
1038 4537 1163 4622 aliqmd
1211 4537 1362 4606 similiter
1389 4537 1482 4605 nobis
1512 4535 1706 4621 praeseribi,
1737 4543 1774 4600 ut
1802 4554 1868 4601 nou
1892 4535 2045 4604 oedamus
2068 4531 2183 4602 adver·

187 4624 283 4691 mom
302 4624 420 4692 Mum
438 4624 503 4708 fuit
524 4625 567 4690 od
590 4621 810 4707 Pitiqipmses
830 4624 930 4708 sopite
950 4623 982 4703 4,
1002 4624 1034 4689 6.
1212 4623 1373 4691 sariorum
1403 4623 1525 4705 furori,
1556 4619 1615 4689 sed
1643 4620 1685 4687 ad
1713 4631 1851 4688 mortem
1883 4642 1988 4707 usquo
2021 4621 2185 4688 enitamur

274 4709 305 4776 3.
332 4708 425 4778 Orate
445 4711 543 4778 simui
563 4715 670 4794 etpro
690 4708 786 4776 nobis.
826 4708 900 4775 Non
922 4708 999 4778 feeit
1020 4709 1082 4776 hoo
1103 4730 1161 4795 per
1211 4708 1254 4775 ad
1269 4709 1498 4793 publioandum
1513 4707 1728 4792 evangelium.
1760 4706 1848 4790 Quia
1862 4717 1971 4775 eutem
1986 4707 2020 4774 id
2034 4704 2184 4793 superius

190 4797 447 4863 simulationem:
479 4796 537 4863 sed
589 4799 643 4863 uia
665 4795 868 4863 nenessitstis
895 4816 973 4864 suae
1001 4796 1063 4863 sibi
1085 4816 1160 4863 oon·
1211 4803 1264 4860 est
1291 4797 1410 4862 nostris
1437 4793 1659 4872 ιιιιιιιιιίιιιιι,
1698 4795 1849 4877 preoibus
1877 4794 2000 4861 instare
2031 4789 2184 4861 oouvanit

189 4885 276 4950 solus
304 4884 389 4950 aerio
413 4882 546 4967 optabat
566 4817 700 4949 illorum
730 4882 880 4966 praeibas
896 4881 1012 4960 iuvari,
1036 4890 1072 4948 at
1088 4902 1160 4964 per·
1212 4901 1254 4947 na
1275 4879 1432 4949 destituat
1454 4900 1513 4948 uos
1534 4879 1696 4947 Dominus
1717 4880 1836 4964 spiritu
1858 4879 2004 4947 fiduoiae.

190 4991 305 5036 suasus
336 4982 408 5035 erat
438 4989 494 5036 aas
521 4969 582 5035 sibi
611 4968 804 5053 profuturas.
855 4965 938 5049 Quis
967 4987 1044 5051 ergo
1073 4985 1161 5033 nuno

189 5055 307 5119 audeat
340 5056 478 5121 humum
507 5054 755 5122 interoassionee
786 5062 1011 5136 oontamnera,
1044 5051 1161 5136 quibua
1298 5053 1330 5118 ὃ.
1345 5049 1512 5135 Sapienter
1521 5051 1675 5118 ambulate
1691 5055 1953 5137 epasmmmoe,
1967 5058 2089 5139 ιιιιιριιι
2103 5053 2183 5122 redi-

190 5138 314 5206 Paulus
337 5140 483 5225 indigere
505 5162 540 5207 se
561 5139 755 5224 profitetur?
778 5140 824 5205 Et
843 5147 933 5206 oarte
953 5158 1018 5204 nou
1041 5137 1162 5204 trustra
1212 5141 1337 5204 mmstea.
1382 5138 1412 5203 6.
1440 5136 1548 5204 Sermo
1567 5143 1665 5205 vester
1689 5157 1811 5222 semper
1838 5138 1875 5203 im
1899 5140 2008 5224 gratio
2035 5142 2089 5222 sit,
2118 5140 2183 5208 eote

188 5225 333 5292 instituit
350 5225 513 5294 Dominus
532 5226 594 5295 hoo
615 5227 759 5294 ueritatis
781 5223 971 5292 exereitium
991 5223 1161 5291 internos
1212 5222 1367 5289 emtor.-
1396 5227 1432 5288 ιιι
1463 5223 1574 5291 saisitis
1600 5224 1749 5310 momodo
1775 5228 1910 5305 oporto:
1936 5243 1990 5293 ιιι
2015 5227 2185 5312 animique
