4740 6016
250 394 314 461 239
791 391 934 460 urlsu.
959 391 1102 458 PAULI
1124 392 1188 458 AD
1212 390 1442 458 EPHESIOS
1466 392 1618 459 CAPUT
1643 391 1703 457 vl.
2183 393 2249 460 240

251 586 305 669 qni
334 606 375 650 ex
402 582 463 650 hoo
484 584 580 648 Pauli
610 583 760 670 exemplo
789 582 949 669 eolligunt
977 591 1121 649 mortuos
1149 603 1220 650 esse
1272 582 1428 648 tationem
1443 582 1522 650 fauit
1537 584 1623 667 quod
1647 586 1727 650 haee
1743 585 1807 651 dno
1829 588 1995 670 coniungit
2016 586 2124 663 simul,
2147 586 2246 652 dilen·

251 669 458 737 inrooandos.
495 668 580 734 Nam
596 669 749 753 Ephesiis
763 669 887 735 Paulus
903 669 1072 747 seribebat,
1091 669 1220 753 quibus·
1272 678 1325 734 tus
1352 668 1470 751 frater,
1500 672 1533 734 et
1561 670 1709 737 minister
1742 671 1856 736 fidelis.
1899 672 2000 738 Prius
2032 672 2172 737 refertur
2204 672 2247 738 ad

252 777 326 824 oum
348 754 397 819 illi
430 763 500 820 erat
529 776 576 838 aa,
605 776 700 838 qnam
732 754 814 834 dixi,
845 757 1101 821 eommunioatio.
1153 754 1220 820 Nos
1272 752 1429 819 Paulum:
1459 754 1530 820 ideo
1553 756 1593 821 de
1616 754 1759 822 seeundo
1780 756 1867 822 idem
1896 758 2000 823 videri
2024 770 2129 841 queat
2174 759 2247 844 Ego

252 841 329 925 quid
357 840 540 906 oommeroii
573 841 729 909 habemus
756 861 830 906 eum
864 839 1024 906 mortuis?
1080 839 1220 905 Perinde
1272 843 1383 905 tamen
1398 840 1438 904 de
1453 840 1582 922 publioo
1599 842 1781 908 ministerio
1803 843 1910 926 potius
1931 845 2145 926 interpretor:
2169 846 2246 927 qnia

252 938 302 992 eet
322 947 360 992 ao
379 927 408 991 si
431 925 585 1004 dicerent,
618 927 779 992 venandos
799 945 871 992 esse
894 925 935 992 ad
958 925 1069 1007 epulas
1092 936 1220 991 nostros
1272 925 1354 988 mibi
1376 926 1554 991 verisimile
1576 938 1634 1007 est,
1657 948 1725 992 non
1748 930 1897 1010 quemvis
1917 928 2082 994 hominem
2105 929 2245 995 aPanlo

252 1021 285 1078 et
313 1011 463 1078 eonvivia
492 1011 641 1096 angelos,
672 1013 749 1095 quia
778 1009 935 1077 eiusmodi
956 1012 1068 1078 offitiis
1089 1013 1220 1077 levetur
1272 1009 1373 1075 luisse
1388 1012 1533 1090 missum,
1556 1013 1613 1078 sed
1632 1014 1687 1095 qui
1710 1013 1832 1096 aliquid
1855 1013 1989 1080 baberet
2012 1015 2181 1100 dignitatis
2204 1015 2243 1081 ad

250 1099 336 1164 inter
358 1097 506 1162 homines
531 1098 658 1163 oaritas.
1272 1097 1449 1162 movendos
1472 1116 1532 1161 sua
1554 1099 1740 1180 praesentia
1762 1099 1933 1185 Ephesios.

841 1259 845 1266 .
1357 1182 1409 1247 23.
1435 1181 1508 1247 Par
1527 1184 1693 1264 fratribus.
1737 1184 1831 1252 Panis
1853 1207 1971 1250 nomen
1995 1187 2123 1268 aooipio,
2149 1195 2187 1252 ut
2209 1187 2243 1252 in

336 1269 389 1333 21.
423 1268 463 1334 Ut
478 1273 581 1332 autem
609 1270 717 1335 sciatis
749 1290 801 1335 voe
829 1270 922 1335 etiam
950 1289 1030 1350 quae
1058 1269 1141 1332 eirea
1173 1286 1221 1332 me
1273 1267 1538 1351 salutationibus,
1570 1290 1630 1353 pro
1664 1271 1748 1336 felini
1781 1292 1891 1336 rerum
1914 1291 2075 1337 suooessn.
2120 1271 2244 1353 Quam·

250 1360 399 1438 apuutm,
427 1354 504 1436 quid
522 1355 656 1437 faeiem,
687 1357 791 1421 omnia
816 1353 1088 1436 roboratusque
1112 1352 1220 1437 Tudri-
1272 1372 1371 1435 quam
1389 1353 1505 1435 siquis
1527 1356 1619 1419 malit
1635 1357 1811 1441 signifioari
1830 1357 2045 1435 eonoordiem,
2068 1358 2146 1439 quia
2168 1379 2245 1424 mox

251 1461 316 1592 ἷξε,
349 1440 482 1538 aarum·
506 1440 613 1591 sperdia
644 1446 684 1540 et·
705 1441 1044 1605 fiddmfimiaiszrarpst
1069 1438 1221 1505 Domino:
1271 1439 1320 1589 {gt
1338 1438 1821 1604 dilffiqnsspmffltissssfflm
1851 1441 2063 1609 igpttloilpplieet.
2108 1441 2178 1508 Imo
2189 1445 2245 1595 gg

296 1576 303 1590 .
356 1545 513 1591 aerumma
597 1546 651 1592 nos
671 1548 706 1591 ru
726 1547 795 1590 eum
838 1546 907 1590 reru
1044 1545 1097 1589 um
1117 1545 1220 1590 meum
1320 1545 1361 1589 ur
1450 1545 1503 1591 tus
1551 1547 1625 1591 uere
1767 1547 1814 1593 rso.
1975 1548 2057 1592 euim
2084 1547 2191 1594 oouear

251 1547 475 1697 mpuozceretis,
502 1614 759 1678 etaouooiaretur
786 1611 880 1678 eorda
907 1616 1018 1678 uestra.
1065 1611 1117 1675 23.
1147 1609 1220 1676 Pae
1270 1610 1445 1676 interseri
1465 1611 1652 1695 tranquillis
1673 1612 1922 1695 essepresios:
1942 1614 2023 1694 quod
2043 1611 2245 1680 benevolentia

248 1696 404 1780 fratrebus
436 1696 605 1764 etdilertio
636 1717 705 1763 eum
724 1697 787 1778 fide
807 1719 828 1763 a
850 1695 918 1763 Deo
934 1702 1026 1780 patre
1047 1701 1075 1761 et
1095 1697 1220 1761 domiuo
1271 1700 1298 1759 et
1310 1695 1386 1775 fidei
1399 1716 1548 1763 oousussu
1557 1717 1651 1780 posse
1669 1698 1808 1780 obtineri,
1829 1699 1935 1763 statim
1949 1698 2114 1782 sipuifieat.
2151 1699 2245 1766 Faeit

252 1784 330 1849 Iesu
354 1780 489 1850 Christo.
523 1782 575 1847 24.
602 1783 718 1849 Gratia
738 1803 807 1848 oum
829 1782 979 1861 omuibus,
1008 1783 1063 1863 qui
1083 1782 1219 1866 diluant
1271 1783 1354 1847 euim
1368 1802 1456 1848 amor
1475 1788 1509 1847 at
1530 1803 1563 1848 se
1583 1785 1619 1848 irs
1635 1803 1714 1865 paee
1734 1785 1906 1849 eorsts'rteant
1926 1783 2082 1849 homiues:
2103 1804 2242 1850 amorm

250 1869 409 1934 domiuum
449 1872 589 1934 namnum
629 1868 735 1935 Iesum
770 1867 929 1935 Christum
961 1869 997 1932 iu
1035 1869 1217 1935 sinceritate.
1270 1873 1377 1933 mutuo
1399 1868 1542 1933 eeuoiliat
1554 1868 1642 1949 tides,
1661 1869 1786 1950 simque
1801 1869 1957 1935 vincutum
1977 1874 2031 1934 est.
2065 1870 2242 1935 Caeterum

249 1955 359 2019 Amen.
1270 1972 1312 2016 nx
1334 1955 1517 2036 precatione
1540 1956 1719 2019 notandum
1743 1963 1800 2030 est,
1831 1966 1897 2019 tam
1921 1954 2016 2019 fidem
2040 1964 2074 2020 et
2096 1954 2241 2021 dileetio·

1270 2058 1355 2121 nem,
1377 2059 1473 2121 qnam
1489 2058 1600 2121 paoem
1623 2043 1726 2122 ipsam
1748 2039 1812 2104 Dei
1833 2061 1903 2105 esse
1925 2040 2020 2118 dona,
2043 2061 2126 2123 quae
2148 2040 2260 2106 nobis‘

335 2125 689 2191 alternamento.
739 2124 937 2189 Rumoribus
959 2125 1011 2189 vel
1035 2124 1141 2190 dubiis
1163 2123 1217 2189 val
1269 2144 1328 2207 per
1345 2125 1514 2190 Christum
1538 2124 1694 2209 largitur:
1716 2127 1783 2191 imo
1806 2125 1976 2199 Christum
1999 2147 2064 2190 una
2087 2147 2160 2191 eum
2184 2146 2242 2209 pa·

250 2210 342 2275 falsis
364 2210 554 2293 plerumque
581 2211 703 2275 turbari
734 2209 839 2275 solent
868 2230 934 2274 non
962 2210 1057 2275 modo
1085 2211 1217 2288 infirmi,
1270 2231 1451 2276 tresorum
1475 2221 1723 2275 esseantorom.

251 2296 307 2362 sed
330 2300 428 2362 etiam
452 2316 570 2378 graves
597 2295 716 2379 alioqui
745 2307 778 2359 et
802 2304 1000 2362 uenerantes
1040 2294 1114 2362 Hoe
1137 2296 1218 2379 peri·
1354 2298 1405 2362 24.
1425 2294 1540 2361 Gratia
1561 2316 1629 2361 eum
1650 2295 1798 2363 mnnibus.
1833 2297 2028 2376 Sensusest,
2050 2296 2143 2362 Deus
2164 2316 2241 2380 pro·

251 2379 360 2446 oolum
394 2382 570 2446 antevertit
602 2381 742 2463 Paulus,
784 2381 1012 2465 'Pythicum
1047 2381 1216 2458 mittendo,
1269 2399 1423 2466 sequatur
1445 2403 1499 2447 eos
1516 2402 1628 2449 omnes
1650 2384 1760 2447 favore
1777 2403 1844 2459 suo,
1867 2382 1921 2465 qui
1940 2381 2049 2447 Iasum
2070 2382 2241 2449 Christum

252 2467 308 2550 qui
331 2466 371 2531 de
392 2467 541 2533 omnibus
563 2468 717 2533 certiores
739 2468 857 2533 iaoeret
879 2467 1048 2550 Ephesios.
1090 2467 1129 2531 ln
1153 2487 1217 2549 quo
1270 2489 1353 2553 pora
1374 2469 1569 2534 oonseientia
1591 2466 1742 2552 diligunt.
1787 2467 1916 2534 Graeoa
1937 2487 2021 2546 vox,
2050 2487 2147 2550 quam
2170 2487 2242 2552 ego,

251 2553 542 2619 animadvertenda
563 2561 613 2618 est
645 2554 698 2635 pie
730 2551 912 2620 sollieitndo
948 2573 1044 2635 quem
1079 2550 1218 2617 habebat
1270 2555 1444 2620 llresmnm
1467 2558 1635 2635 sequutus,
1670 2553 1824 2619 transtuli
1853 2554 2160 2630 sinnaritatem,
2189 2555 2242 2618 in·

251 2638 372 2704 Paulus
399 2640 438 2703 de
467 2639 618 2704 ecelesiis.
662 2640 745 2704 Nem
775 2659 874 2722 quum
903 2659 991 2705 mors
1020 2637 1068 2703 illi
1090 2638 1218 2705 assidue
1270 2641 1511 2724 eorruptionem
1539 2649 1650 2705 sonat:
1682 2638 1766 2722 quod
1788 2646 1919 2721 propter
1940 2639 2153 2721 metaphorae
2175 2636 2242 2704 ele-

253 2722 481 2789 obversaretnr
516 2735 592 2789 ente
627 2724 753 2791 oeulos:
797 2745 901 2807 neque
942 2728 1050 2790 metus
1093 2724 1217 2802 mortis,
1270 2727 1414 2808 gantiam
1447 2725 1627 2791 notandum
1660 2736 1718 2791 ast.
1770 2722 1984 2792 Subindinare
2015 2723 2103 2789 onim
2138 2723 2243 2790 voluit

252 2829 357 2892 nequo
384 2811 434 2873 sui
462 2829 540 2876 eura
568 2810 674 2893 ipsum
704 2809 899 2894 impediebat
924 2811 1097 2892 quominus
1119 2811 1217 2875 etiam
1269 2811 1408 2891 Paulus,
1438 2821 1515 2877 tuno
1537 2810 1669 2876 demum
1692 2811 1780 2875 omni
1801 2807 1987 2892 eorruptala
2008 2809 2077 2874 fore
2099 2829 2243 2874 vannum

253 2895 478 2961 remotissimis
510 2895 688 2980 quibusque
720 2896 910 2963 oonsuleret.
962 2896 1094 2962 Dieeret
1125 2895 1218 2976 alins,
1270 2918 1326 2963 oar
1347 2898 1498 2974 hominis,
1532 2897 1560 2961 si
1582 2897 1669 2962 omni
1693 2895 1859 2980 hypocrisi
1881 2902 1984 2961 vaoet.
2035 2895 2138 2960 Porro
2160 2893 2243 2960 heoo

253 2981 314 3047 eibi
342 2980 417 3062 plus
445 2982 524 3048 setis
553 2983 639 3049 oiroa
661 3002 695 3046 se
716 3003 786 3048 esse
808 2983 942 3065 negotii:
975 2982 1082 3064 potius
1103 2980 1218 3047 debere
1270 2984 1415 3066 praeatio
1444 2984 1515 3049 viae
1544 2980 1666 3047 oreonli
1693 2981 1842 3046 habenda
1863 2993 1929 3061 est,
1958 2988 1996 3045 ut
2017 2980 2126 3045 Deum
2147 2979 2243 3045 nobis

253 3086 365 3132 omnes
380 3065 420 3131 ad
443 3088 536 3151 opem
559 3067 620 3133 sibi
642 3068 806 3133 terendam
822 3087 1000 3144 aoourrare,
1023 3087 1120 3150 quam
1142 3090 1162 3132 a
1183 3087 1219 3134 se
1271 3082 1348 3135 tune
1378 3069 1445 3135 loro
1472 3067 1649 3151 propitium
1670 3068 1825 3146 seiamus,
1854 3067 1882 3130 si
1904 3066 2000 3132 oorde
2021 3066 2148 3131 sineero
2169 3063 2243 3130 dili·

253 3151 306 3219 vel
328 3151 500 3219 minimnm
515 3154 685 3237 quidquam
709 3153 881 3219 levationis
902 3163 1099 3237 exspsotare.
1143 3152 1217 3218 Non
1269 3175 1387 3239 gemus
1406 3154 1509 3220 filium
1532 3154 1611 3233 eius,
1633 3155 1668 3218 in
1691 3173 1754 3236 quo
1777 3151 1960 3217 dileetionis
1982 3171 2060 3234 erga
2082 3171 2140 3217 nos
2161 3170 2244 3216 suae

253 3239 300 3303 ita
321 3237 457 3304 Paulus:
488 3239 545 3304 sed
568 3240 668 3303 mittit
694 3258 965 3323 quaquaversum,
991 3239 1046 3322 qui
1068 3238 1218 3306 eoolasias
1271 3240 1492 3308 testimoninm
1522 3259 1559 3304 eo
1589 3239 1707 3324 pignus
1737 3237 1830 3304 nobis
1852 3236 2017 3302 exhibuit:
2052 3237 2140 3303 mado
2160 3235 2245 3302 abrit

251 3345 271 3389 a
299 3342 334 3389 ss
363 3324 514 3390 fundatas
543 3325 745 3391 oonfirment.
790 3323 970 3410 'lyehioum
1000 3325 1125 3404 laudat,
1155 3345 1219 3409 qno
1270 3326 1460 3410 hypocrisis,
1489 3325 1567 3408 quia
1593 3325 1794 3406 maternam
1814 3321 1854 3387 ab
1874 3322 2027 3406 evoupetii
2046 3323 2243 3406 professione

252 3410 326 3494 plus
351 3409 428 3475 fidei
457 3409 648 3475 adhibeatur
678 3411 747 3477 eins
778 3411 881 3476 dietis.
932 3409 1077 3476 Dubium
1108 3422 1218 3476 tamen
1269 3432 1331 3476 riou
1352 3411 1526 3490 abhorreres,
1549 3408 1745 3476 umbratilem
1766 3407 1829 3475 siti
1852 3406 2010 3474 Christum
2028 3408 2129 3492 unqu,
2150 3427 2244 3491 qaum

250 3502 319 3579 est,
357 3515 457 3577 quum
491 3497 727 3561 ministrum
760 3497 802 3560 in
836 3496 1012 3562 Domino
1048 3495 1216 3562 fidelem
1267 3496 1385 3577 sumtis
1405 3496 1660 3578 tautumoffieiio
1681 3494 1767 3561 eolat
1806 3493 2050 3577 Atqueutiuam
2070 3493 2244 3560 bodieuou

251 3601 326 3646 enm
349 3581 498 3664 appellet,
526 3581 566 3646 de
588 3580 758 3665 publioone
779 3581 932 3648 eoelesiee
954 3581 1146 3661 ministerio,
1174 3599 1217 3646 an
1270 3587 1333 3646 tom
1366 3581 1472 3648 multis
1499 3582 1648 3663 eaetuplis
1676 3585 1818 3647 tearum
1848 3579 1936 3664 fuat,
1968 3599 2030 3646 unu
2056 3579 2180 3662 frtutro
2205 3579 2244 3643 irs

249 3666 289 3730 de
311 3668 471 3749 obsequiis
489 3667 640 3750 privatim
663 3666 723 3734 sibi
739 3668 894 3734 exhibitis
916 3668 1077 3750 loquetur.
1116 3666 1217 3733 Dubi·
1272 3666 1389 3734 Obristr'
1409 3689 1513 3734 amore
1535 3689 1555 3733 a
1577 3666 1680 3736 Paulo
1701 3665 1823 3748 requiri
1843 3666 1995 3732 siuouam
2011 3665 2192 3750 puritatem·
