4762 6016
188 379 227 448 81
1090 379 1241 451 CAPUT
1264 384 1291 449 1.
1454 415 1457 420 ¹
2146 389 2194 455 82

189 576 301 643 deesse
330 575 490 661 nonnihil,
519 588 557 642 ut
585 576 647 643 sibi
676 575 717 642 sd
746 596 802 642 eos
830 576 1046 642 instituendos
1077 578 1165 642 viam
1216 575 1465 644 Colossensibus
1483 580 1536 646 hic
1554 579 1682 662 dicitur,
1700 580 1762 646 sibi
1781 581 1899 646 dissum
1917 583 2063 648 universi
2080 576 2192 649 fideles

189 669 324 746 sternat,
354 670 388 727 st
414 661 564 746 ampliori
586 661 761 729 doctrinae
784 661 983 728 audientiam
1005 661 1164 729 conciliet
1216 662 1395 746 accipiant:
1417 673 1516 749 atque
1538 663 1616 731 hinc
1637 665 1793 752 colligant
1813 687 2020 734 communem
2038 669 2192 735 exhorta·

189 745 257 830 Qui
276 747 365 813 enim
387 767 423 814 se
443 755 637 833 assequutus
657 768 729 814 esse
750 753 866 830 putant
894 745 1052 831 quidquid
1080 748 1165 814 scitu
1217 750 1347 828 bouem,
1368 769 1499 834 semper
1520 770 1591 816 csse
1613 750 1647 814 in
1666 752 1798 836 pietatis
1815 751 1962 819 doctrina
1979 753 2192 820 crescendum

189 832 327 918 dignum
347 839 408 914 est,
430 842 592 917 spernunt
608 852 648 899 ac
664 831 835 899 fastidiunt
852 833 1010 918 quidquid
1028 833 1165 902 ulterius
1217 855 1321 917 usque
1342 834 1383 900 ad
1406 845 1552 902 mortem.
2177 887 2180 892 .

188 919 337 985 affertur.
381 920 478 985 Hanc
500 920 601 1005 igitur
622 919 865 1003 persuasionem
889 919 974 985 tollit
995 918 1166 986 Colossen·
1304 921 1355 985 11.
1382 919 1476 987 Omni
1496 922 1606 988 robore
1626 921 1776 987 roborati.
1820 921 2105 1002 Quemadmodum
2127 922 2193 992 illis

187 1005 288 1084 sibus,
320 1027 362 1071 ne
394 1007 438 1070 sit
465 1005 532 1071 illis
560 1004 793 1088 impedimento
820 1005 997 1088 quominus
1025 1003 1166 1071 libenter
1217 1013 1316 1071 antea
1337 1017 1487 1090 precatus
1507 1017 1557 1072 est
1580 1017 1647 1073 tam
1669 1028 1782 1073 sanam
1805 1007 2067 1093 intelligentiam,
2092 1027 2191 1094 quam

187 1090 370 1242 33333
397 1090 1007 1261 33.2233..3323232333ι3
1028 1091 1166 1261 32333
1217 1093 1570 1260 2333333333
1594 1093 2095 1246 33233333333333
2114 1115 2193 1247 tt

187 1260 315 1345 Nempe
337 1261 496 1327 divinae
516 1261 747 1328 voluntatis.
786 1261 860 1342 Quo
881 1261 981 1328 verbo
1002 1262 1166 1346 quaelibet
1217 1262 1457 1342 imbecillitatis,
1491 1265 1570 1346 qnia
1602 1264 1702 1330 fortes
1735 1275 1834 1348 negat
1866 1266 1934 1332 iore
1966 1266 2032 1332 nisi
2069 1265 2193 1332 auxilio

187 1346 359 1413 hominum
377 1358 571 1431 commenta,
588 1357 623 1415 st
640 1349 772 1431 quasvis
789 1348 1025 1431 speculationes
1043 1348 1166 1415 alienas
1218 1348 1361 1414 Domini.
1407 1349 1520 1432 Neque
1549 1348 1583 1415 id
1612 1350 1716 1428 modo,
1744 1351 1802 1415 sed
1825 1360 1862 1416 ut
1883 1352 1987 1436 magis
2010 1351 2096 1418 hauc
2117 1372 2192 1437 gra·

188 1431 337 1499 asorbo
366 1431 429 1498 Ilei
458 1434 592 1500 refutat.
636 1434 753 1518 Neque
782 1435 869 1499 enim
899 1434 975 1499 alibi
1004 1455 1101 1517 quam
1129 1435 1164 1500 in
1217 1436 1297 1498 tiam
1328 1434 1512 1519 amplificet,
1544 1436 1643 1515 addit,
1671 1435 1849 1502 secuudum
1881 1438 2061 1519 potentiam
2090 1438 2193 1523 ipsius

188 1516 288 1585 serbo
316 1519 505 1602 quaerenda
533 1529 584 1586 est
610 1521 680 1587 eius
710 1519 874 1587 voluntas.
923 1519 1095 1604 Adiungit,
1123 1521 1164 1585 in
1218 1519 1403 1605 gloriosum.
1454 1519 1504 1587 Ac
1531 1522 1559 1586 si
1589 1522 1720 1601 diceret,
1753 1531 1883 1587 tantum
1914 1522 2025 1589 abesse
2052 1533 2090 1589 ιιι
2118 1523 2193 1610 quis

188 1604 293 1671 omni
323 1606 541 1689 sapientia:
571 1624 635 1689 quo
666 1605 831 1690 significat
852 1608 982 1673 unicum
1007 1616 1094 1673 recte
1115 1628 1166 1673 se·
1217 1618 1332 1688 suapte
1355 1607 1477 1672 virtute
1504 1606 1607 1673 fretus
1629 1618 1717 1673 stare
1739 1617 1848 1690 quest,
1876 1618 1912 1673 ut
1934 1608 2107 1693 mugnitics
2129 1609 2193 1676 Dei

188 1689 302 1773 piendi
335 1691 481 1773 regulam
508 1712 579 1759 esse
607 1691 812 1758 voluntatem
843 1692 933 1757 illam
963 1693 1037 1775 Dei,
1071 1693 1165 1758 ouius
1217 1692 1325 1758 virtus
1347 1712 1382 1757 se
1405 1692 1613 1772 demonstret,
1636 1702 1767 1759 nostrae
1788 1694 1972 1758 infirmitati
1993 1695 2192 1778 opitulando.

187 1777 392 1841 meminerat.
430 1777 587 1861 Quisquis
608 1779 695 1843 enim
718 1777 908 1859 simpliciter
925 1799 964 1844 ea
977 1780 1061 1846 scire
1076 1779 1166 1861 cupit
1217 1778 1387 1844 Postremo
1412 1799 1479 1860 qua
1499 1779 1534 1842 in
1557 1800 1592 1844 re
1614 1779 1777 1862 explicare
1799 1799 1835 1844 se
1857 1778 1972 1845 debeat
1993 1778 2092 1846 robur
2113 1778 2193 1846 tide·

187 1881 271 1944 quse
291 1861 416 1945 placuit
431 1863 503 1928 Deo
524 1863 680 1942 revelare,
703 1864 731 1929 is
753 1862 884 1929 demum
908 1865 1003 1930 novit
1024 1863 1101 1946 quid
1123 1865 1166 1930 sit
1217 1863 1308 1942 lium,
1339 1863 1440 1946 docet,
1464 1884 1583 1947 nempe
1605 1865 1639 1929 iu
1662 1866 1753 1930 omni
1777 1866 1934 1947 patientia
1955 1874 1989 1930 et
2010 1866 2192 1932 tolerantia.

187 1954 276 2013 recte
297 1967 428 2031 sapere:
450 1949 478 2014 si
500 1949 579 2032 quid
601 1950 689 2016 ultra
706 1956 906 2032 appetamus,
929 1951 963 2016 id
978 1949 1061 2015 nihil
1076 1949 1165 2015 aliud
1217 1950 1303 2014 Nam
1326 1961 1359 2014 et
1379 1950 1508 2015 assidue
1530 1971 1626 2017 cruce
1648 1961 1844 2017 exercentur
1864 1951 1899 2014 in
1918 1951 1980 2018 hoc
1997 1952 2137 2017 mundo:
2160 1963 2194 2017 et

187 2033 252 2097 erit
272 2053 370 2115 qnam
394 2034 540 2118 desipere
562 2035 697 2101 modum
719 2056 786 2101 nou
804 2036 955 2102 tenendo.
991 2036 1058 2102 Per
1073 2055 1165 2100 voca·
1216 2034 1307 2100 mille
1329 2035 1475 2118 quotidie
1496 2038 1694 2102 tentationes
1714 2057 1750 2102 se
1771 2036 1927 2122 ingerunt
1948 2034 1990 2102 sd
2012 2059 2068 2105 eos
2085 2039 2193 2121 oppri-

186 2116 303 2184 bulum
332 2118 499 2198 curiosus,
530 2122 614 2204 quod
641 2122 848 2204 prudentiam
870 2123 1038 2200 vertimus,
1068 2122 1164 2187 intel-
1217 2120 1369 2187 mendos:
1392 2130 1425 2186 ct
1447 2120 1528 2186 nihil
1551 2122 1664 2188 vident
1685 2140 1903 2204 eorumquae
1923 2121 2016 2188 Deus
2033 2125 2192 2208 promisit

188 2202 256 2287 ligo
289 2203 565 2286 diiudicationem,
602 2227 686 2291 quae
718 2228 760 2273 ex
792 2207 1009 2291 intelligentia
1043 2217 1164 2273 manat
1218 2207 1306 2273 Mira
1333 2207 1435 2290 igitur
1461 2208 1619 2289 patientia
1640 2228 1676 2273 ss
1697 2208 1850 2273 muniant
1870 2216 2016 2290 oportet:
2046 2228 2111 2293 quo
2132 2210 2193 2274 im·

188 2288 337 2372 Utroque
359 2292 582 2374 spiritualis
600 2302 735 2360 vocatur
749 2293 869 2359 Paulo:
894 2295 970 2376 quia
989 2315 1054 2359 non
1070 2294 1166 2358 aliter
1217 2292 1349 2377 plsatur
1368 2291 1450 2357 illud
1468 2292 1593 2358 lessius
1610 2292 1676 2378 (30,
1696 2293 1760 2380 15),
1782 2293 1822 2357 In
1845 2315 1902 2376 spo
1924 2303 1957 2358 et
1979 2293 2110 2360 silentio
2131 2295 2194 2359 erit

187 2373 232 2440 ad
261 2396 316 2441 sas
338 2379 531 2460 pervenitur
559 2400 658 2462 quam
688 2380 824 2462 spiritus
850 2378 1036 2445 directione.
1081 2381 1164 2446 Aui-
1218 2379 1374 2444 fortitudo
1404 2390 1521 2444 vestra.
1584 2379 1784 2445 Particulam
1817 2398 1900 2445 cum
1934 2378 2080 2463 gaudio
2118 2399 2193 2445 cum

188 2459 284 2526 malis
312 2465 399 2528 enim
427 2464 525 2530 homo
554 2487 618 2531 non
648 2467 785 2549 percipit
814 2485 853 2530 ea
882 2485 966 2547 quae
989 2465 1052 2530 Dei
1077 2476 1164 2531 sunt.
1219 2466 1280 2529 hac
1306 2462 1506 2549 sententia1)
1526 2470 1696 2533 museum
1717 2465 1829 2531 melius
1850 2469 1902 2530 est.
1944 2464 2020 2531 Etsi
2040 2466 2124 2531 enus
2145 2467 2194 2532 di·

189 2544 356 2627 Quamdiu
371 2559 534 2634 reguntur
549 2551 697 2617 homines
708 2550 817 2616 carnis
830 2570 908 2616 suae
919 2571 1027 2628 sensu,
1043 2551 1166 2616 habeut
1217 2570 1309 2617 cusu
1330 2551 1417 2616 leutio
1438 2551 1526 2632 opud
1541 2550 1673 2616 Latium
1694 2552 1841 2616 usitatior
1861 2555 1922 2616 est:
1943 2552 1980 2615 iu
1996 2551 2075 2616 bour
2092 2557 2193 2616 tumm

187 2633 252 2716 ipsi
281 2653 410 2717 quoque
437 2656 529 2701 suam
559 2636 764 2723 sapientiam,
797 2636 853 2701 sed
884 2658 968 2719 quae
995 2657 1087 2701 mern
1115 2644 1166 2702 est
1217 2637 1320 2719 stupis
1348 2638 1543 2701 messuisset
1567 2637 1675 2719 mosei
1703 2638 1838 2704 utcu.-
1866 2641 1895 2701 et
1914 2643 1995 2703 cem
2015 2656 2079 2701 uon
2099 2637 2196 2702 susb-

189 2719 336 2797 vanitus,
367 2732 531 2804 utcunque
570 2725 603 2787 in
633 2743 673 2789 ea
712 2723 772 2788 sibi
801 2724 959 2805 placeant.
1008 2722 1166 2787 Videmus
1216 2727 1309 2789 πάιν
1334 2721 1501 2802 patientia,
1535 2722 1602 2786 uisi
1630 2722 1733 2787 animi
1761 2723 1940 2788 alum:
1971 2741 2027 2787 nec
2054 2743 2195 2805 unquam

188 2802 295 2887 qualis
330 2807 374 2872 sit
407 2806 571 2892 theologia
603 2810 663 2875 suh
695 2821 831 2891 papatu,
867 2808 945 2891 quid
977 2811 1167 2873 contineant
1215 2808 1293 2891 sorti
1312 2808 1418 2873 enimc
1441 2806 1543 2890 subit,
1564 2808 1631 2872 uisi
1651 2809 1704 2874 cui
1724 2809 1836 2874 saucia
1856 2809 1917 2872 erit
1937 2828 2000 2874 suo
2020 2809 2161 2874 unctio

188 2888 460 3040 ffiilcscphorum
496 2893 586 2971 libri,
629 2915 726 2978 quam
763 2895 955 2978 sapientiam
992 2898 1026 2959 in
1063 2895 1167 2978 pretio

237 2976 335 3042 beant
364 2979 489 3060 profani
519 2979 676 3046 homines.
720 2980 789 3045 Sed
812 2981 1065 3057 meminerimus,
1094 3000 1166 3046 eam
1307 2978 1356 3042 12.
1382 2978 1514 3044 Gratim
1543 2984 1667 3062 equum
1688 2977 1757 3044 Deo
1784 2984 1813 3044 et
1833 2979 1936 3059 putri,
1964 2980 2029 3061 qui-
2048 2999 2105 3046 uos
2124 2980 2197 3062 seuit

189 3080 276 3145 quae
304 3063 375 3128 sola
403 3066 649 3131 commendatur
672 3088 692 3131 a
713 3065 826 3144 Paulo,
854 3066 1014 3131 inclusam
1037 3087 1110 3132 esse
1130 3068 1167 3131 in
1214 3066 1345 3131 ,saeuus
1373 3065 1416 3129 ud
1439 3065 1716 3147 punieiputiouem
1740 3063 2138 3130 memorandorum
2159 3066 2196 3130 iu

185 3147 257 3214 Dei
279 3148 461 3217 voluntate.
1218 3152 1354 3216 lamiae:
1397 3150 1448 3214 13.
1471 3150 1526 3232 qui
1547 3150 1665 3232 eripuit
1684 3169 1743 3214 uos
1762 3169 1802 3214 ut
1816 3153 1966 3232 potestate
1987 3149 2194 3229 ιιιιιναηιιιι,

280 3234 331 3300 10.
371 3234 413 3303 Ut
443 3237 606 3304 mbuletis
637 3239 730 3322 &pose
758 3237 838 3303 Deo.
890 3237 1041 3304 Primum
1074 3237 1168 3303 docet
1219 3243 1250 3302 ct
1277 3236 1439 3302 aarum
1465 3238 1499 3300 in
1528 3255 1662 3319 requam
1683 3234 1747 3316 filii
1768 3236 1822 3300 sai
1841 3235 1962 3301 dilecti:
2007 3236 2057 3300 14.
2079 3237 2114 3301 iu
2135 3255 2196 3319 quo

188 3319 267 3402 quis
295 3320 475 3405 spiritualis
504 3325 738 3410 intelligentiae
766 3325 810 3389 sit
839 3324 923 3402 finis,
952 3333 986 3389 st
1011 3343 1166 3406 quorsum
1219 3321 1367 3388 tubertus
1387 3322 1624 3404 redemtionem
1639 3340 1700 3403 per
1719 3321 1910 3404 saepsissent
1929 3322 2008 3403 sius,
2035 3322 2196 3388 amissio·

185 3405 227 3470 in
249 3406 313 3472 Dei
339 3407 453 3475 schola
474 3411 709 3492 proficiendum
731 3411 792 3477 sit:
820 3430 937 3492 nempe
960 3420 997 3474 ut
1016 3411 1167 3475 vivamus
1218 3426 1301 3474 rtem·
1312 3412 1526 3488 peccatorum:
1570 3407 1620 3472 lb.
1643 3408 1701 3491 qui
1726 3411 1773 3472 est
1799 3407 1906 3490 iutuyo
1927 3405 1993 3472 Dei
2012 3407 2197 3492 besuus,

188 3489 291 3576 digne
310 3493 391 3573 Deo,
413 3494 476 3560 hoc
499 3505 560 3575 est,
582 3504 620 3561 ut
640 3505 797 3582 appareat
816 3496 851 3561 in
876 3497 945 3560 sits
967 3504 1080 3562 nosue
1101 3514 1166 3560 non
1214 3495 1443 3578 priscopotr'tus
1472 3493 1638 3558 mserum
1668 3497 1845 3558 maturae:
1899 3493 1951 3557 16.
1981 3494 2131 3575 pausum
2160 3495 2197 3560 ιἰι

191 3577 315 3644 trustra
342 3599 403 3645 nos
431 3581 546 3647 aDeo
576 3580 676 3649 luisse
704 3583 846 3650 edoctos.
900 3581 1096 3664 Quicunque
1125 3580 1167 3646 ad
1218 3582 1290 3662 ipso
1311 3584 1417 3645 orente
1431 3584 1507 3644 suut
1527 3580 1644 3663 οιιιιιια,
1659 3584 1727 3644 tum
1747 3597 1827 3660 qaue
1848 3579 1884 3642 iss
1904 3577 1996 3643 coelis
2012 3584 2101 3663 ειιιιι,
2130 3585 2198 3645 utus

192 3661 282 3728 hunc
311 3684 444 3746 scopum
474 3687 539 3733 uon
568 3667 715 3753 dirigunt
736 3690 796 3734 sus
817 3668 936 3751 studia,
965 3668 1037 3734 lieri
1060 3675 1168 3753 potest
1217 3685 1300 3750 quus
1319 3686 1416 3748 super
1432 3668 1564 3730 terrum
1584 3663 1727 3731 cisibihu
1743 3668 1771 3728 et
1786 3663 1979 3729 inuisibilia:
1999 3665 2067 3728 eice
2083 3665 2197 3748 throni,

192 3762 230 3815 ut
266 3749 404 3816 multum
443 3751 564 3818 sudent
593 3773 633 3820 sc
663 3752 825 3832 laborent,
863 3753 920 3820 sed
952 3753 1035 3819 nihil
1067 3774 1167 3836 quam
1219 3752 1284 3817 sice
1315 3751 1550 3834 meusne,
1586 3751 1653 3816 sice
1678 3750 1893 3831 principatus,
1928 3748 1996 3814 sice
2022 3753 2198 3830 potestates.

188 3838 914 4010 ttt‘tttttttttltt'ttt
929 3837 1168 3991 ..333333
1219 3836 1640 4006 3322233333
1651 3837 1758 3986 tt:
1779 3837 1906 4002 3332.
1919 3839 2142 3987 33333333
2171 3841 2200 3901 3

306 3974 313 4000 r
1001 3974 1009 4005 2
2066 3970 2075 3987 ο

189 4028 267 4075 mus
293 4009 460 4077 ambulare
488 4011 589 4096 digne
610 4010 693 4089 Deo,
718 4019 757 4076 ut
787 4020 893 4076 totum
919 4013 1009 4076 vitae
1035 4029 1167 4075 cunum

190 4097 234 4160 ad
255 4095 321 4161 Dei
348 4096 552 4164 voluntatem
582 4098 796 4175 conferamus,
825 4099 958 4179 proprio
986 4115 1084 4162 sensu
1112 4095 1167 4160 sb·
1307 4093 1356 4173 12.
1382 4093 1515 4160 Gratias
1542 4097 1674 4178 uquam.
1717 4092 1845 4158 lterum
1876 4089 1962 4158 redit
1988 4090 2029 4157 sd
2052 4089 2197 4175 gratula-

191 4178 309 4259 dicato,
337 4183 529 4266 cunctisque
556 4184 667 4250 caruis
696 4187 830 4248 nostrae
858 4182 1030 4249 affectibus
1057 4180 1169 4247 valere
1221 4181 1353 4259 tionem,
1376 4187 1414 4244 ut
1435 4180 1497 4246 hac
1519 4179 1688 4247 occasione
1710 4183 1880 4244 recenseat
1897 4177 2015 4260 quibus
2034 4176 2199 4244 beneficiis

189 4264 300 4335 iussis.
344 4268 443 4351 Quod
464 4271 561 4336 etiam
584 4265 703 4336 iteruin
724 4266 908 4346 confirmat,
937 4287 1038 4351 quum
1068 4267 1169 4348 addit,
1221 4267 1332 4331 donati
1361 4266 1429 4331 sint
1450 4284 1508 4348 per
1529 4264 1711 4332 Christum.
1755 4262 1866 4347 Atque
1887 4265 1936 4328 ita
1957 4261 2142 4347 ingreditur
2162 4263 2199 4328 in

191 4353 227 4419 in
253 4373 350 4419 omne
372 4356 573 4440 obsequium,
600 4355 654 4422 rel
673 4355 724 4442 (ut
746 4355 847 4439 vulgo
866 4351 1058 4438 loquuntur)
1080 4372 1168 4419 com·
1222 4351 1353 4436 plenam
1381 4349 1505 4416 Christi
1534 4351 1797 4435 descriptionem.
1845 4349 1920 4416 Hoc
1949 4349 2036 4413 euim
2065 4350 2198 4415 unicum

227 4440 398 4507 scentiam.
450 4442 542 4528 Ergo
573 4443 602 4510 si
634 4442 806 4526 quaeritur
838 4459 998 4523 quaenam
1028 4443 1073 4505 sit
1100 4440 1170 4505 vita
1220 4447 1293 4504 erat
1325 4435 1504 4503 remedium
1533 4436 1783 4503 Colossensibus
1815 4433 1973 4500 adversus
2005 4453 2118 4499 omnes
2147 4437 2199 4500 in·

294 4525 408 4612 digna:
438 4537 593 4595 teneatur
621 4547 752 4612 semper
779 4526 860 4592 haec
887 4524 983 4592 Pauli
1012 4523 1169 4603 delinitio,
1221 4524 1322 4589 sidiss
1353 4523 1471 4605 quibus
1504 4542 1559 4589 eos
1593 4523 1764 4588 tentabant
1792 4518 2065 4603 pseudoapostoli,
2099 4522 2199 4602 probo

190 4630 312 4694 nempe
343 4634 416 4679 cam
445 4633 517 4680 esse
548 4635 642 4699 quae,
671 4612 795 4680 relictis
828 4611 998 4678 hominum
1031 4611 1170 4694 placitis,
1222 4620 1335 4675 tencre
1366 4608 1443 4691 quid
1473 4616 1559 4674 esset
1581 4607 1744 4675 Christus.
1788 4604 1885 4671 Unde
1907 4606 1995 4669 enim
2018 4607 2057 4671 ht
2078 4620 2116 4670 nt
2137 4609 2198 4672 oir-

191 4695 307 4764 relicto
336 4696 477 4784 deniqne
502 4701 602 4767 totins
624 4700 732 4767 carnis
752 4698 894 4783 ingenio,
924 4697 965 4762 ad
988 4698 1085 4763 unius
1106 4696 1169 4762 Dei
1221 4695 1442 4762 cumiuramur
1463 4701 1514 4758 tot
1530 4695 1635 4759 variis
1657 4691 1824 4774 doctrinis,
1845 4691 1908 4756 uisi
1929 4694 2007 4773 quis
2021 4690 2117 4757 nohis
2132 4712 2197 4758 non

188 4780 384 4867 obsequium
413 4785 567 4873 exigitur.
611 4787 700 4853 Hinc
728 4793 914 4867 sequuntur
943 4783 1027 4848 bona
1053 4801 1169 4866 opera:
1221 4792 1271 4846 eet
1292 4787 1464 4862 perspecta
1485 4779 1611 4845 Ohristi
1633 4775 1766 4845 virtus?
1813 4774 1910 4842 Solus
1931 4778 2019 4842 enim
2044 4775 2198 4844 Christus

188 4886 276 4952 quos
298 4871 425 4940 tructus
447 4894 468 4938 s
489 4872 582 4939 nobis
604 4874 695 4939 Deus
716 4870 866 4955 requirit.
1222 4867 1301 4932 iacit
1322 4875 1361 4930 ιιι
1381 4865 1490 4930 subito
1513 4863 1576 4929 alia
1597 4866 1707 4930 omnia
1729 4872 1936 4929 evanescant.
1974 4861 2092 4944 Itsque
2115 4863 2198 4928 nihil

280 4954 456 5026 &aare
476 4960 513 5026 iu
528 4956 787 5045 copuitiorteDsi.
823 4953 949 5021 Iterum
968 4956 1088 5038 repetit
1104 4973 1171 5019 uon
1222 4962 1273 5018 est
1300 4950 1387 5035 quod
1416 4959 1587 5034 tantopere
1617 4948 1772 5016 moliatur
1793 4947 1907 5026 Satan,
1926 4968 2034 5030 >quam
2062 4948 2198 5014 nebulas

191 5060 232 5141 so
253 5062 368 5141 ‘usque
398 5045 503 5129 ispscs
615 5046 722 5111 enisss
750 5042 830 5127 quin
861 5042 954 5107 novis
984 5041 1172 5125 auguremis
1312 5105 1333 5172 1)
1360 5101 1445 5173 sliqni
1473 5106 1644 5160 mecm
1688 5101 1727 5157 Et
1755 5100 1856 5183 ΨΜ
1886 5098 2030 5168 qum„
2055 5101 2118 5169 qnia
2143 5116 2200 5157 nm

192 5127 373 5232 ¹⁰⁶¹⁸⁰⁸¹¹l
409 5131 484 5214 ‘2⁰¹
548 5131 728 5233 ¹¹i⁰¹¹⁵²l⁰⁰⁰
747 5149 802 5231 9⁰⁸
820 5135 996 5211 Pml’ml
1017 5137 1051 5193 st
1076 5125 1170 5209 qussi
1223 5172 1372 5228 munem
1389 5171 1522 5243 pausum
1538 5173 1591 5228 nni
1608 5172 1692 5228 animi
1708 5172 1856 5228 suenus
1891 5169 1993 5224 veram
2010 5168 2073 5238 qus
2094 5171 2200 5227 nivem

191 5214 385 5285 manudncrt
405 5215 447 5281 ad
468 5216 661 5302 proficiendi
682 5216 844 5282 studium:
865 5233 929 5297 quc
948 5232 984 5280 sc
1002 5220 1172 5297 promptos
1222 5241 1305 5298 ΜΟ
1322 5245 1365 5297 “t
1381 5242 1515 5306 mmm,
1532 5244 1562 5297 0,
1578 5256 1688 5298 „nm
1699 5241 1784 5298 mm
1803 5253 1889 5310 „m
1906 5243 2108 5309 mmmm,
2126 5241 2200 5297 nolui

191 5299 234 5367 sd
263 5301 461 5370 audiendum
492 5302 675 5387 docilesque
698 5301 886 5368 exhibeant.
942 5298 1037 5380 Quod
1060 5308 1171 5365 autem
1224 5311 1260 5367 ab
1275 5326 1310 5368 ss
1326 5311 1463 5369 ιιιιωιοιι
1568 5346 1571 5351 -
2009 5348 2012 5355 ·

295 5425 517 5496 ossum
555 5421 701 5480 tusus
1954 5412 1971 5466 ⁶
