4762 6016
1017 1447 1358 1517 ARGUMuNuUut

1113 1674 1267 1686 σ--

271 1847 384 1930 Quum
406 1847 442 1912 in
463 1846 564 1914 crete
585 1845 741 1913 seolseiee
763 1844 925 1911 duntaxat
947 1843 1164 1910 lundemente
1217 1843 1385 1912 doetrinee
1417 1864 1537 1930 genere
1569 1844 1740 1912 instituere
1776 1845 1933 1930 populum
1964 1846 2099 1915 debent:
2121 1847 2195 1914 ,sed

186 1935 316 2002 lenisset
336 1932 472 2014 Psulus,
501 1932 564 1999 elio
592 1951 771 2018 properene
799 1929 852 2016 (ut
880 1936 953 1995 eret
977 1949 1044 1995 non
1067 1929 1164 1997 unius
1216 1930 1294 2014 quie
1315 1931 1422 1996 iustus
1443 1929 1492 1995 illi
1515 1929 1619 1996 honor
1641 1949 1709 1996 nou
1733 1931 1923 2014 habebatur,
1950 1931 2076 1999 Peulus
2098 1952 2194 2001 susm

186 2027 316 2088 nutum
338 2019 467 2086 insulse
487 2027 608 2103 postor,
638 2015 696 2084 sed
718 2017 866 2103 gentium
889 2015 1070 2102 apostolus)
1092 2012 1164 2081 Tito
1217 2017 1248 2082 ei
1284 2036 1458 2099 perronem
1494 2015 1633 2098 imponit
1669 2025 1736 2082 tem
1772 2017 1808 2083 in
1841 2017 1991 2084 creandis
2022 2019 2193 2097 ministris,

186 2105 403 2193 prosequendi
441 2104 548 2188 operis
581 2113 707 2190 pentes,
745 2110 902 2187 tenqusm
935 2100 1164 2186 evengelistae,
1217 2121 1316 2184 quem
1336 2104 1371 2166 iu
1394 2109 1462 2167 tote
1483 2100 1637 2168 eoeleeiee
1658 2102 1948 2171 edministrstioue.
1985 2102 2075 2185 Quis
2096 2105 2194 2172 multi

186 2191 410 2261 msudsveret.
447 2190 595 2275 Apperet
616 2199 726 2258 eutem
748 2209 790 2255 ex
807 2187 870 2255 hee
884 2188 1030 2272 epistole,
1053 2186 1165 2253 stetim
1217 2187 1319 2254 stulte
1349 2187 1457 2267 elium,
1485 2207 1583 2271 quem
1605 2188 1758 2269 traderet,
1788 2188 1955 2255 doetrinae
1975 2189 2113 2256 formem
2135 2210 2194 2274 ep·

186 2289 262 2364 post
283 2277 460 2346 diseeesum
483 2276 580 2343 Pauli
605 2274 763 2344 Semnum
784 2273 972 2342 iuoubuisse
994 2290 1060 2338 uon
1091 2282 1165 2337 tsn-
1218 2273 1392 2358 petebant:
1422 2274 1509 2341 beno
1530 2273 1667 2353 Paulus,
1697 2273 1770 2340 eliis
1787 2274 1975 2359 repudietis,
2004 2275 2106 2341 solem
2136 2296 2192 2360 ep·

187 2375 257 2431 tum
279 2372 316 2431 ut
338 2371 542 2448 perverteret
563 2361 716 2429 eooleeiee
738 2362 894 2446 regimen,
916 2358 974 2425 sed
992 2364 1030 2425 ut
1047 2359 1166 2425 deebi·
1219 2359 1350 2442 probet:
1373 2378 1411 2426 eo
1429 2380 1572 2445 pergere,
1596 2359 1692 2427 sieuti
1708 2361 1824 2444 eoepit,
1844 2361 2005 2428 hortetur.
2042 2361 2193 2427 Primum

187 2470 265 2517 uem
293 2468 420 2534 quoque
449 2455 680 2532 eorrumperet.
722 2446 830 2512 Erunt
857 2446 914 2530 qui
936 2464 996 2530 per
1016 2444 1166 2510 ambitio-
1219 2464 1298 2530 ergo
1320 2444 1414 2512 dooet
1435 2446 1548 2528 qusles
1569 2444 1691 2530 eligere
1712 2445 1881 2512 ministros
1904 2455 2061 2530 oporteat.
2101 2447 2194 2513 luter

187 2557 265 2688 lim
282 2543 624 2688 ‘mlliffllim‘
640 2534 675 2599 ³¹¹
689 2530 1045 2702 tt‘t‘tlttlttlt
1058 2531 1168 2682 pilli
1218 2530 2195 2686 tlltdt’tttbtfflultllbltffl“ttt't5¹⁰²

225 2641 319 2688 orum
349 2641 404 2688 eu
518 2641 573 2688 use
598 2640 707 2686 nouo
787 2639 809 2684 u
1045 2664 1053 2693 ‚
1573 2665 1582 2682 .
1838 2639 1862 2684 n
2144 2639 2193 2685 re·

187 2706 274 2792 spud
296 2705 468 2791 plerosque
489 2642 652 2773 dudietet
689 2704 798 2770 Erant
820 2723 951 2770 rursum
972 2724 1014 2769 ex
1036 2701 1167 2769 Iudeeis
1219 2705 1362 2770 tensium
1391 2720 1515 2768 mores:
1546 2702 1755 2787 peoulieriter
1782 2711 1894 2770 temen
1902 2639 2081 2770 pludueoff¹
2091 2711 2192 2783 notet,

187 2793 245 2877 qui
267 2791 349 2878 legis
370 2794 530 2861 messione
552 2798 726 2874 praetextu
756 2790 879 2856 multus
910 2808 1016 2873 unges
1037 2789 1166 2873 ingere·
1219 2789 1275 2873 qui
1302 2789 1337 2853 in
1357 2787 1509 2861 ‚oiborum
1538 2789 1726 2855 diserimiue
1747 2789 1884 2874 uliieque
1906 2790 2051 2857 externis
2072 2790 2194 2857 seneti-

187 2877 286 2945 bnnt:
307 2878 391 2945 telus
407 2898 487 2946 vero
509 2877 625 2961 oupide
647 2884 680 2942 et
701 2874 807 2942 multo
827 2895 903 2943 oum
924 2877 1037 2941 lurore
1054 2874 1167 2940 sudis·
1218 2879 1322 2941 tutem
1354 2874 1514 2942 loeebunt
1575 2874 1777 2941 Relellendis
1806 2895 1920 2943 eorum
1948 2875 2081 2961 ineptiis
2114 2894 2194 2944 vere

187 2963 317 3030 buntur.
354 2963 428 3028 Hoe
442 2964 553 3047 ituque
566 2961 703 3029 oonsilio
717 2961 832 3029 soribit
846 2960 981 3041 Peulus,
1004 2960 1166 3026 ut'Pitum
1219 2959 1350 3045 pietstis
1379 2969 1413 3025 et
1440 2958 1639 3027 obsistisnse
1661 2961 1750 3027 ritee
1778 2962 1935 3029 exereitie
1962 2962 2105 3046 opponit.
2149 2961 2194 3028 ut

187 3070 248 3117 rus
276 3049 449 3117 euenere
477 3058 583 3115 erinet
603 3047 646 3114 ed
667 3055 795 3114 tentum
818 3066 904 3113 onus
925 3045 1165 3113 sustinendum.
1218 3066 1283 3131 qno
1304 3046 1439 3130 propius
1461 3055 1588 3132 urgent,
1608 3067 1693 3130 quse
1715 3047 1854 3147 siugulis
1872 3047 2097 3114 rorationibus
2118 3066 2195 3114 oon·

188 3135 303 3220 Neque
331 3136 421 3202 euim
449 3134 585 3202 dubium
613 3141 664 3200 eet
694 3133 773 3218 quin
794 3152 909 3201 eeoure
931 3152 951 3199 e
972 3132 1166 3216 quibusdem
1219 3133 1354 3199 venient
1383 3133 1499 3212 offiois,
1527 3131 1693 3200 deseribit.
1734 3133 1799 3201 His
1820 3133 1931 3201 (litum
1960 3132 2051 3204 iubet
2080 3131 2194 3200 sedulo

188 3229 398 3308 oontemptus
430 3221 545 3302 luerit,
578 3222 672 3305 quusi
704 3239 791 3285 uuus
823 3218 961 3303 quilibet
991 3239 1034 3285 ex
1066 3217 1166 3302 vulgo
1218 3227 1252 3284 et
1273 3218 1404 3285 eseidue
1425 3219 1594 3286 insistere:
1616 3218 1779 3304 simulque
1794 3241 1924 3287 rursum
1942 3219 2022 3285 elios
2040 3218 2195 3286 Mmonst

187 3315 368 3408 posterum.
411 3306 503 3375 Ilieri
531 3307 628 3373 etism
657 3313 765 3390 potest
793 3314 831 3372 ut
859 3304 899 3371 de
926 3324 964 3371 eo
990 3304 1167 3373 volitarent
1219 3324 1261 3370 ue
1288 3303 1450 3371 audiendo
1478 3304 1668 3459 fetiffitur.
1711 3305 1822 3390 Atque
1849 3306 1939 3373 buno
1960 3304 2195 3391 redemptionis

188 3391 423 3477 querimonies,
454 3394 563 3478 ipsunt
598 3392 674 3477 plns
705 3391 769 3460 sibi
801 3410 956 3476 strepere
988 3410 1086 3476 quem
1115 3390 1165 3456 fes
1218 3399 1253 3456 et
1283 3389 1400 3458 solutis
1432 3412 1491 3477 per
1519 3391 1547 3459 O

187 3487 283 3556 esset,
312 3477 575 3629 quodessteres
588 3498 669 3579 ‘nou
698 3478 859 3579 resiperet
880 3476 945 3545 nisi
967 3496 1026 3544 suo
1047 3476 1166 3544 iudioio
1218 3475 1316 3558 Quod
1338 3478 1366 3545 si
1386 3479 1461 3578 quis
1477 3479 1698 3581 eontentioeus
1714 3477 1878 3580 reeleruet
1900 3477 2195 3578 velobtsmpersre

187 3563 350 3648 probetne.
437 3583 492 3630 rue
523 3563 676 3648 oolbqere
709 3563 796 3642 beet.
828 3563 971 3630 Paulum
1001 3583 1068 3631 non
1096 3571 1165 3629 teus
1218 3571 1351 3643 renuet,
1384 3563 1479 3634 illum
1511 3564 1603 3632 rubet
1634 3572 1752 3632 omitti.
1803 3562 1899 3632 Nune
1930 3563 2096 3644 ridemus,
2127 3583 2195 3628 nou

1620 3395 1690 3458 tum
1721 3399 1833 3477 psrtee
1862 3393 1961 3458 linem
1990 3412 2062 3460 esse
2090 3392 2194 3459 donet

239 3649 338 3716 setim
369 3649 538 3733 soripeisse
559 3649 644 3727 wito,
673 3667 771 3733 quem
792 3649 921 3733 publioe
943 3647 1164 3717 Oreteusibus.
1218 3647 1307 3716 uliud
1337 3657 1485 3735 epeetere
1511 3650 1654 3721 Paulum
1683 3670 1782 3735 quum
1811 3660 1848 3720 ut
1868 3650 1936 3716 uiti
1963 3668 2196 3716 sensum-sue·

221 3755 305 3819 eque
333 3733 422 3799 euim
450 3732 617 3819 probabile
646 3741 698 3801 est
718 3735 831 3800 blitum
858 3735 1055 3818 reprebendi
1078 3733 1165 3819 quud
1217 3735 1326 3818 oipiet‚
1360 3735 1474 3820 illique
1507 3735 1548 3804 ed
1579 3736 1800 3823 peragendum
1828 3735 1968 3804 Domini·
1993 3756 2075 3820 opus
2102 3732 2198 3801 ediu-

187 3821 291 3887 uimis
319 3818 476 3888 leuilitete
503 3819 656 3904 indignes
684 3818 838 3888 eveheret
859 3819 902 3887 ed
923 3821 1031 3904 episeo
1054 3827 1163 3887 etum:
1219 3823 1334 3890 trioem
1356 3823 1503 3908 porriget
1523 3842 1667 3890 menum.

188 3905 244 3974 sel
275 3904 335 3987 illi,
366 3914 522 3990 tsuqusm
556 3903 630 3971 rudi
659 3912 695 3972 et
723 3905 856 3986 novitio,
891 3841 1069 3989 pressoribi
1098 3926 1163 3989 quo

261 5360 373 5420 (luletst'
387 5378 482 5435 opere
513 5360 569 5420 Vol.
587 5361 658 5420 ΕΠ.
