4762 6016
184 324 248 389 411
907 323 1051 391 EPIST.
1074 321 1217 389 PAULI
1240 321 1301 388 AD
1324 322 1471 388 TITUM
2123 317 2190 384 412

185 538 259 582 mus
310 514 351 580 ab
401 515 539 600 antiquo
593 515 772 600 interprete
818 517 962 600 positum
1014 517 1160 596 retinuit,
1211 516 1294 616 aopi,
1337 515 1393 598 qui
1425 514 1555 600 proprie
1588 512 1724 582 doeendi
1752 534 1849 581 eausa
1878 513 2026 600 eligitur:
2060 512 2188 597 quando

186 602 321 668 minime
349 602 506 686 exprimit
531 601 627 666 Pauli
656 610 809 668 mentem.
853 602 940 668 Nam
966 623 1030 687 quo
1057 603 1162 668 maior
1212 601 1310 668 aliter
1331 601 1402 686 regi
1424 621 1493 667 non
1515 608 1624 686 potest
1645 600 1779 668 oooleaia
1800 621 1897 684 quam
1921 598 2030 666 verbo.
2066 599 2188 668 ll'ide·

184 688 220 754 ιιι
238 685 388 753 habendo
409 685 537 755 deleotu
558 685 754 753 adhibentur
775 707 864 771 eura,
886 687 949 755 hoo
971 697 1037 753 tam
1061 688 1163 754 hono·
1212 688 1290 754 lem
1313 707 1542 753 sermonem
1566 696 1662 754 rooat
1679 706 1795 772 puram
1814 694 1847 751 at
1869 706 1925 752 ore
1939 685 2003 751 Dei
2026 684 2187 771 proditam

185 774 277 839 rilieo
299 773 446 839 anoomio
468 774 691 856 episoopatum
714 781 819 852 ornat,
848 773 932 857 quod
955 775 999 839 sit
1020 774 1161 856 praelao·
1213 773 1405 839 dootrinam.
1447 773 1532 839 llius
1560 783 1707 839 oenaoem
1737 772 1807 839 vult
1829 792 1900 838 asse
1921 773 2119 856 episeopom,
2152 783 2190 839 ut

185 868 261 924 ture
294 857 411 926 domus
440 857 518 925 Dei:
553 858 650 925 siouti
680 857 722 924 ad
752 858 976 926 Timotheum:
1010 860 1057 926 Ut
1078 860 1163 926 seius
1213 880 1281 925 non
1312 859 1408 924 modo
1435 859 1534 942 probe
1564 859 1608 923 sit
1633 859 1812 937 institutus,
1845 858 1903 923 aed
1925 867 2132 923 constantem
2154 861 2189 925 in

185 942 349 1030 quomodo
370 953 403 1009 ta
425 944 550 1011 versari
570 950 718 1028 oportent
739 944 775 1009 in
798 943 892 1010 domo
907 944 982 1024 Dei,
1005 965 1089 1028 quae
1111 954 1162 1011 est
1212 965 1252 1011 ea
1284 942 1458 1010 asserenda
1486 964 1521 1009 se
1550 953 1653 1029 gerat.
1693 941 1782 1011 Sunt
1810 944 1898 1010 onim
1926 943 2058 1028 qnidam
2089 944 2189 1027 levae,

185 1030 322 1098 eoelesia
349 1028 415 1096 Dei
444 1029 527 1111 rivi,
559 1030 711 1096 oolumna
740 1039 773 1096 et
801 1030 1048 1097 firmamentum
1075 1031 1161 1098 reri·
1213 1029 1270 1114 qui
1307 1029 1401 1096 faoile
1436 1030 1472 1094 in
1509 1030 1602 1095 varia
1635 1028 1802 1098 doetrinae
1836 1049 1957 1116 genera
1993 1028 2121 1097 traduoi
2155 1051 2190 1098 se

185 1118 263 1204 tatis
284 1115 328 1202 (1.
344 1115 449 1182 (limo.
470 1114 503 1201 3,
533 1114 597 1202 15).
642 1115 745 1181 Porro
766 1114 855 1182 looua
877 1115 932 1184 hio
954 1115 1084 1182 abunde
1106 1115 1161 1183 do·
1213 1116 1342 1182 sinunt:
1364 1115 1419 1181 alii
1438 1115 1490 1181 vel
1512 1125 1600 1181 metu
1621 1116 1828 1201 franguntur,
1851 1115 1905 1183 vel
1927 1122 2106 1182 moventur
2127 1116 2191 1183 alia

185 1214 247 1282 oet,
280 1201 408 1266 nullum
438 1221 509 1267 esse
539 1200 723 1287 presbyteri
753 1209 787 1267 et
809 1202 949 1286 epiaoopi
971 1201 1161 1268 disorimen:
1213 1203 1380 1268 oooaaione
1412 1209 1450 1267 ut
1483 1201 1630 1268 veritatis
1661 1201 1877 1285 patrooinium
1907 1201 2070 1268 deserant.
2122 1202 2189 1268 llos

186 1290 262 1372 qnia
280 1307 367 1352 nuno
388 1285 532 1353 seeundo
557 1289 688 1353 nomine
709 1288 893 1371 promiaoue
916 1287 1060 1371 appellat
1081 1308 1162 1370 quos
1214 1288 1324 1372 itaque
1339 1287 1416 1372 eligi
1431 1286 1556 1353 Paulus
1573 1287 1674 1369 iubet,
1696 1287 1762 1370 qui,
1784 1286 1957 1354 raritatem
1972 1286 2036 1352 Dei
2052 1292 2190 1371 utroque

186 1375 277 1458 prius
309 1372 438 1437 vooavit
469 1373 689 1457 presbyteros.
740 1371 812 1439 Imo
844 1372 931 1439 idem
962 1394 1162 1457 prosequens
1213 1373 1347 1439 hraohio
1375 1372 1519 1456 amplexi
1552 1377 1586 1438 et
1617 1371 1781 1439 mordiens
1821 1381 1987 1453 tenentes,
2020 1392 2190 1458 nunquam

186 1465 425 1542 argumentum,
458 1466 634 1542 utrumqne
655 1478 774 1525 noman
801 1459 1027 1524 indifferenter
1049 1459 1162 1525 eodem
1214 1459 1278 1525 sibi
1301 1459 1412 1525 axouti
1428 1459 1609 1543 patiantur,
1630 1468 1689 1525 aut
1709 1458 1750 1525 ab
1773 1479 1812 1526 ea
1835 1457 1948 1524 divelli
1969 1458 2105 1542 possint.
2146 1459 2191 1525 lit

185 1550 460 1694 gensqogsurpat:
489 1543 767 1695 qoemosltqriodugr
776 1553 823 1696 ἕο
844 1544 1162 1696 Hieronymustturp
1214 1543 1409 1696 ogrtefiqihil
1425 1544 1486 1697 {iga
1508 1566 1604 1630 quam
1615 1543 1871 1696 11ξιιιιΙοιιῐιιιοῐο
1892 1543 2189 1695 periooloadiusmast,

211 1650 248 1695 oo
326 1651 357 1709 o,
403 1650 620 1695 ummers
669 1650 732 1694 aa
808 1651 849 1698 ra
903 1651 1270 1697 omannoar1.u1
1350 1650 1370 1696 o
1467 1651 1583 1696 enon
1660 1650 1715 1697 are
1782 1650 2011 1697 aarrnaa
2063 1651 2101 1697 oo
2144 1650 2190 1696 na

187 1716 295 1800 Atque
329 1714 406 1782 hino
438 1651 622 1799 perspiodre
655 1714 731 1780 lieet
762 1651 901 1801 quanliq
915 1716 989 1800 plus
1020 1716 1162 1783 delatum
1214 1718 1307 1783 ouius
1336 1653 1479 1784 inuitus
1505 1725 1648 1783 assertor
1676 1737 1747 1783 esse
1760 1652 1940 1783 pdebuerat.
1985 1716 2026 1782 Iu
2052 1734 2189 1797 summa,

186 1801 355 1866 hominum
384 1799 511 1883 plaoitis
541 1801 640 1867 luerit
668 1821 766 1884 quam
794 1801 937 1881 deoehut,
971 1802 1048 1885 quia
1070 1803 1162 1868 ebro·
1215 1822 1282 1866 non
1304 1803 1432 1868 tantum
1456 1803 1635 1886 requiritur
1655 1802 1690 1868 in
1713 1811 1842 1888 pastore
1863 1800 2013 1882 eruditio,
2046 1801 2103 1868 sed
2127 1800 2191 1866 tale

188 1895 263 1972 gato
292 1887 427 1975 spiritus
455 1887 561 1952 saneti
590 1907 750 1967 sermone,
779 1909 858 1954 usus
885 1887 1054 1954 hominum
1077 1888 1162 1955 arhi-
1215 1887 1382 1953 doetrinae
1409 1907 1511 1970 purae
1532 1888 1686 1968 studium,
1716 1900 1753 1953 ut
1775 1888 1815 1953 ab
1836 1909 1875 1953 ao
1897 1906 2066 1972 uunquam
2088 1885 2192 1953 disoe-

187 1976 250 2038 trio
265 1973 419 2039 induetur
440 1970 634 2056 praevaluit.
672 1973 757 2038 Mihi
784 1973 916 2057 quidem
932 1994 996 2040 non
1016 1973 1164 2058 diaplioet
1216 1975 1280 2038 dat
1316 1971 1382 2039 Sed
1401 1973 1480 2058 quid
1500 1973 1564 2040 sibi
1581 1973 1664 2054 vult,
1687 1974 1911 2041 seoundum
1933 1971 2192 2039 doetrinam?

188 2058 273 2143 quod
303 2057 416 2124 statim
446 2057 488 2123 ab
516 2058 670 2125 eeclesiae
698 2059 885 2142 primordiis
912 2069 1078 2144 reoeptum
1100 2060 1165 2125 fuit
1216 2058 1344 2142 Nempe
1379 2059 1436 2142 qui
1469 2059 1504 2124 in
1538 2059 1692 2126 eoelesiae
1725 2058 1983 2126 aodifioationam
2015 2058 2060 2126 sit
2094 2056 2192 2125 utilis.

188 2153 226 2210 ut
248 2144 379 2228 singula
401 2147 625 2227 episeopornm
648 2144 785 2230 oollegiu
806 2166 909 2211 unum
930 2146 1071 2229 aliquam
1095 2166 1164 2211 mo·
1216 2143 1388 2228 Quidquid
1418 2145 1507 2210 enim
1537 2145 1630 2211 nullo
1659 2165 1735 2211 eum
1764 2145 1896 2230 pietatis
1923 2145 2033 2210 fruotu
2056 2144 2195 2211 discitur

190 2230 374 2297 deratoram
392 2229 552 2295 habeant:
575 2251 690 2295 verum
709 2252 827 2297 nomon
851 2232 949 2297 offleii
972 2231 1057 2315 quod
1074 2232 1165 2298 Deua
1217 2251 1255 2297 ao
1288 2233 1405 2315 suitur,
1438 2230 1606 2298 doetrinae
1638 2231 1772 2296 nomine
1804 2250 1937 2299 sensere
1970 2229 2095 2296 Paulus
2126 2248 2193 2296 uon

188 2315 224 2381 in
261 2337 434 2382 eommone
469 2316 621 2383 omnihus
658 2315 809 2397 dederat,
849 2318 883 2381 in
920 2339 1023 2383 unum
1060 2318 1165 2384 solum
1217 2317 1314 2383 solet:
1344 2316 1422 2400 quin
1452 2317 1559 2399 potius
1587 2317 1825 2400 apeoulationos
1853 2336 1967 2383 omnes
1995 2334 2078 2400 quae
2108 2314 2195 2381 nihil

190 2403 359 2468 transferri
389 2399 524 2485 reliquis
544 2401 704 2485 spoliatis,
733 2411 765 2466 et
790 2402 948 2468 iniurium
970 2413 1031 2488 eat,
1053 2414 1087 2467 et
1108 2403 1165 2468 ab·
1217 2401 1368 2469 utilitatis
1405 2402 1563 2486 afferunt,
1622 2402 1777 2469 uamlihet
1813 2402 1931 2486 alioqui
1967 2401 2036 2467 sint
2068 2410 2194 2482 aeutaa,

192 2487 338 2554 surdum.
382 2485 512 2554 Deinde
539 2487 586 2554 sio
614 2496 800 2570 pervertere
821 2489 955 2572 spiritus
977 2490 1081 2555 saneti
1103 2489 1165 2554 lin·
1217 2489 1373 2554 vanitatis
1406 2489 1550 2555 damnat.
1599 2424 1662 2556 qSio
1695 2488 1736 2555 ad
1769 2489 1865 2554 Rom.
1894 2508 1964 2572 oap.
1987 2487 2039 2571 12,
2063 2486 2091 2566 7,
2126 2486 2194 2568 Qui

193 2594 302 2659 guam,
332 2580 369 2637 ot
398 2573 492 2638 nohis
520 2571 651 2638 easdam
676 2595 770 2640 voees
793 2573 881 2640 aliod
904 2596 1002 2659 quam
1024 2574 1167 2642 voluerit
1218 2574 1323 2658 dooat,
1345 2574 1378 2640 id
1400 2575 1498 2640 faeiat
1520 2576 1555 2640 in
1579 2573 1737 2655 doetrina,
1758 2574 1821 2641 hoo
1844 2583 1903 2651 ost,
1925 2572 2080 2674 prodesse
2101 2571 2193 2638 audi·

189 2660 385 2744 significent,
408 2657 506 2723 nimis
528 2660 683 2743 profanae
705 2659 859 2726 audaoiaa
881 2670 938 2726 est
1219 2661 1345 2727 toribus
1373 2658 1512 2726 studeat.
1555 2659 1596 2726 In
1628 2681 1772 2743 summa,
1801 2659 1863 2728 hoo
1892 2679 2035 2744 primum
2063 2667 2126 2738 eat,
2156 2666 2195 2724 ut

189 2780 199 2787 -·
279 2744 354 2809 Non
370 2743 601 2827 praefractam.
633 2744 708 2812 Hoo
729 2746 845 2813 vitium
868 2747 903 2811 in
926 2747 1076 2830 episeopo
1099 2766 1168 2812 non
1218 2767 1319 2813 sanae
1348 2746 1515 2813 doetrinae
1540 2747 1677 2813 seientia
1698 2748 1878 2813 instruetur
1899 2746 1944 2813 sit
1964 2754 2093 2830 pastor:
2116 2743 2196 2810 alte·

195 2830 253 2895 abs
274 2850 310 2894 re
332 2828 482 2894 damnat:
505 2831 596 2896 ouius
618 2831 761 2897 offioium
783 2842 843 2911 est,
873 2852 939 2898 non
962 2840 1090 2897 tantum
1112 2853 1166 2899 oo·
1219 2854 1293 2898 rum
1326 2852 1416 2911 vero,
1448 2842 1485 2897 ut
1512 2834 1607 2898 firma
1636 2834 1735 2898 animi
1766 2831 1949 2898 oonstantia
1976 2832 2047 2897 eiua
2068 2831 2195 2898 aonias·

195 2917 292 2981 miter
319 2933 374 2980 eos
403 2916 458 3000 qui
488 2915 575 2980 ultro
603 2917 762 2983 aooedunt
790 2917 954 3001 eroipere:
986 2917 1168 2984 sedetiam
1219 2919 1344 2985 sionem
1374 2918 1416 2983 ad
1445 2928 1629 2984 extremum
1659 2938 1760 3002 usque
1789 2918 1948 2984 retineat:
1981 2917 2125 2996 tertium,
2158 2922 2197 2982 nt

194 3000 324 3067 allioere
346 3001 401 3083 qui
422 3020 458 3066 se
479 2998 674 3083 suhduount,
696 3011 734 3068 ut
754 3023 868 3070 omnes
889 3004 1012 3087 pariter
1033 3003 1168 3071 Christo
1219 3024 1311 3070 auam
1350 3002 1487 3071 dooendi
1524 3004 1683 3070 rationem
1720 3002 1919 3071 aedifioando
1957 3001 2196 3070 aooommodat:

192 3086 342 3153 addueat.
388 3087 488 3170 Atqui
511 3085 672 3154 αὐθάδεια
704 3088 755 3175 (ut
784 3087 926 3172 quadam
959 3090 1000 3153 ad
1026 3089 1168 3156 Dionem
1220 3111 1281 3156 neo
1310 3089 1479 3156 ambitiose
1507 3089 1622 3156 volitet
1651 3111 1710 3175 per
1735 3092 1881 3175 argutias
1902 3088 2038 3156 frivolae
2059 3087 2195 3156 euriosi-

192 3172 328 3256 epistola
349 3172 460 3257 inquit
481 3172 591 3260 Plato)
613 3182 671 3260 τῆς
689 3173 820 3261 ἐρημίας
840 3174 908 3240 ἐστὶ
929 3173 1085 3258 ξύνοικος,
1106 3175 1169 3242 hoo
1221 3177 1314 3256 tatia,
1359 3175 1416 3242 sed
1451 3176 1590 3242 solidum
1628 3175 1788 3242 duntaxat
1823 3175 1978 3243 aeolesiae
2014 3175 2193 3258 profaotum

192 3267 251 3340 est,
275 3258 465 3343 pertinaoia,
488 3258 566 3325 dum
588 3260 651 3327 sibi
672 3261 835 3345 quispiam
857 3262 994 3327 nimium
1018 3261 1169 3329 addietus
1220 3269 1367 3346 quaerat.

193 3353 253 3424 est,
275 3343 521 3410 oontnbernalis
546 3350 597 3411 eat
618 3345 813 3413 solitudinis.
858 3345 1004 3413 Sooietas
1026 3348 1113 3414 enim
1136 3355 1169 3412 et
1314 3345 1352 3415 Ut
1366 3352 1478 3431 potem
1498 3347 1549 3414 eit.
1584 3346 1718 3431 Duplex
1739 3367 1811 3414 esse
1834 3368 1899 3412 vox
1915 3345 2059 3498 pastoria
2080 3342 2192 3410 debete

196 3429 341 3497 amioitia
362 3429 465 3497 lovari
489 3432 613 3516 nequit,
640 3433 693 3498 obi
716 3433 877 3519 quispiam
900 3433 947 3498 ita
969 3433 1029 3499 sihi
1052 3433 1168 3517 plaoat,
1221 3435 1324 3500 altera
1338 3432 1456 3501 oribus
1470 3431 1673 3519 oolligendis,
1696 3432 1801 3500 altera
1815 3453 1913 3500 aroan
1936 3434 1964 3499 ia
1978 3430 2195 3517 iugandisqua

197 3526 234 3582 ut
248 3516 321 3583 aliis
335 3516 449 3583 aedera
471 3536 510 3584 ao
528 3536 567 3582 ‘se
589 3518 833 3586 aooommodare
854 3525 982 3584 renuat.
1018 3519 1064 3584 Et
1081 3527 1169 3585 oerta
1221 3520 1307 3603 lupis
1342 3528 1374 3585 et
1406 3518 1544 3585 furibus.
1599 3517 1779 3602 Utramque
1813 3518 2001 3584 laoultatem
2034 3516 2198 3601 seriptura

191 3603 297 3669 omnia
322 3601 481 3689 αὐθάδης,
510 3603 607 3669 simul
635 3625 672 3671 ao
695 3626 730 3671 se
751 3605 876 3672 oooasio
898 3603 1033 3684 dederit,
1056 3606 1168 3669 statim
1221 3604 1418 3690 suppeditat.
1452 3603 1539 3669 Nam
1561 3604 1618 3689 qui
1640 3604 1741 3754 proba
1763 3604 1799 3669 in
1821 3603 1975 3670 ea’fuerit
1989 3603 2201 3684 exoroitatus,

190 3689 248 3753 liat
281 3688 517 3756 sohismatious.
569 3689 666 3756 Unda
698 3701 832 3774 apparet
864 3711 962 3774 quam
995 3691 1093 3755 noxia
1126 3692 1169 3755 sit
1221 3700 1287 3757 tam
1318 3689 1359 3755 ad
1390 3688 1552 3775 regendos
1574 3689 1645 3757 dooi
1659 3710 1695 3757 es
1723 3689 1873 3773 sulfioiet,
1905 3686 2068 3774 quemad
2090 3688 2200 3754 hostes

191 3775 292 3859 pestis
315 3795 398 3859 quae
420 3773 562 3841 dissidiis
583 3776 751 3843 eoelesiam
775 3776 906 3842 lauerat.
946 3775 1035 3842 Huio
1057 3784 1168 3841 autem
1222 3777 1372 3843 veritatis
1412 3774 1615 3843 refellendos.
1673 3776 1772 3842 Hono
1811 3774 1975 3858 duplioam
2015 3774 2199 3859 seripturae

190 3861 270 3926 vitio
293 3862 435 3944 primum
457 3860 613 3945 dooilites,
640 3870 673 3928 et
695 3861 811 3927 deinde
833 3883 911 3946 erga
933 3881 1046 3928 omnes
1067 3861 1168 3928 oomi·
1221 3883 1317 3929 usum
1340 3860 1464 3927 Paulus
1491 3867 1592 3940 notat,
1623 3880 1724 3946 quum
1748 3860 1836 3940 dioit,
1866 3869 1904 3926 nt
1925 3868 2042 3944 potens
2063 3860 2108 3926 sit
2128 3879 2198 3925 ax·

191 3953 243 4012 tas
276 3956 309 4013 et
343 3946 501 4013 modestia
532 3947 715 4032 opponitur.
759 3947 993 4032 Nequaanim
1023 3967 1168 4031 unquam
1221 3946 1970 4015 hortarietadversariosooorineere.
1992 3945 2105 4030 Atque
2119 3943 2197 4011 hino

196 4032 279 4098 bene
309 4031 437 4100 dooehit
465 4032 644 4117 episeopus,
677 4034 733 4116 qui
760 4054 825 4099 oon
847 4043 982 4117 paratus
1002 4033 1048 4099 sit
1069 4034 1169 4098 etiam
1221 4034 1385 4113 disoimus,
1404 4033 1548 4118 primum
1566 4053 1726 4116 quaenam
1743 4052 1820 4100 vera
1834 4033 1878 4098 sit
1892 4032 2033 4181 episeopi
2047 4030 2197 4181 seientiai

2033 4137 2088 4183 ere
2109 4136 2181 4200 sapt

194 4118 328 4185 disoera.
385 4118 577 4185 celebratur
609 4119 649 4186 ah
682 4119 868 4205 Augustino
902 4118 1061 4204 Cypriani
1093 4138 1168 4192 son·
1221 4118 1339 4186 deinde
1371 4120 1407 4185 in
1438 4139 1536 4203 quem
1565 4139 1661 4185 usum
1684 4117 1880 4186 eonferenda
1902 4119 1954 4184 sit

194 4206 306 4287 tentia,
338 4205 420 4269 Tam
443 4205 605 4287 patienter
626 4205 740 4286 diseat,
760 4225 856 4290 qoam
885 4206 1027 4274 soienter
1045 4205 1168 4271 dooeat.
1220 4207 1402 4289 episeopus,
1423 4207 1477 4288 qui
1499 4216 1620 4270 reotam
1642 4203 1741 4271 fidem
1764 4210 1868 4271 tenet:
1892 4205 1956 4269 rita
1977 4203 2114 4271 seientia
2134 4221 2196 4268 sua

192 4287 323 4354 Deinde
352 4310 432 4373 opos
462 4310 558 4373 saepe
580 4290 703 4357 hahent
724 4291 860 4358 oonsilio
881 4301 915 4356 et
936 4290 1169 4357 monitionibus
1220 4291 1335 4371 utitur,
1357 4289 1435 4356 dom
1454 4289 1494 4355 sd
1513 4290 1623 4374 populi
1645 4292 1900 4358 aedilioationem
1923 4309 1994 4356 aem
2016 4308 2195 4355 aooommo-

193 4375 346 4456 episoopi.
391 4370 428 4442 Si
454 4385 605 4442 raouaent
626 4377 761 4456 moneri,
791 4377 818 4443 si
840 4396 922 4443 sana
942 4376 1078 4444 oonsilio
1100 4397 1166 4443 res·
1221 4376 1287 4443 dat.
1331 4376 1376 4441 Et
1398 4376 1451 4441 hio
1472 4391 1522 4440 est
1543 4376 1673 4460 insigne
1694 4377 1786 4443 verbi
1809 4377 1871 4441 Dei
1894 4375 2085 4457 aooomium,
2115 4373 2193 4439 dum

192 4470 307 4544 pnant,
341 4458 480 4527 subinde
507 4482 582 4527 oum
608 4483 729 4548 magna
750 4463 903 4530 eoelesiae
925 4463 1052 4528 iaetura
1074 4482 1167 4546 prae·
1221 4483 1287 4529 non
1320 4461 1361 4527 ad
1395 4461 1554 4544 regendos
1587 4463 1684 4527 modo
1717 4458 1853 4540 dooiles,
1887 4463 1944 4527 sad
1977 4461 2193 4545 frangendam

193 4545 307 4629 oipites
340 4557 447 4614 ruent.
494 4547 691 4614 Remedium
724 4568 802 4632 argo
830 4548 882 4614 his
909 4547 1004 4615 melis
1033 4559 1091 4626 est,
1126 4567 1168 4612 na
1219 4547 1363 4614 hostium
1383 4546 1601 4631 pervieaeiam
1620 4548 1768 4613 suilieere
1787 4545 2001 4629 praedieatur.
2038 4546 2083 4611 llt
2104 4555 2194 4611 oerte

194 4631 255 4696 sihi
278 4633 416 4714 sapiant.
460 4631 644 4720 φιλάγαθον
667 4644 794 4701 vertere
816 4633 918 4699 malui
939 4633 1167 4700 studiosum
1219 4655 1258 4699 aa
1287 4643 1338 4699 est
1367 4633 1546 4717 pateiaotae
1576 4631 1758 4698 eDomino
1789 4632 1937 4698 veritatis
1967 4633 2121 4716 potantia,
2154 4639 2193 4697 ut

194 4716 494 4803 benignitatis,
523 4740 621 4804 quam
650 4739 725 4786 oum
747 4721 898 4801 Erasmo,
926 4720 1088 4785 bonarum
1117 4739 1168 4785 re·
1219 4718 1313 4784 iaoile
1343 4718 1502 4785 adversus
1530 4716 1697 4783 mendaoia
1725 4717 1834 4779 omnia
1861 4718 2057 4800 praevaleat.
2103 4716 2194 4782 liant

195 4824 278 4870 rum.
315 4802 414 4871 Hane
427 4805 514 4871 enim
531 4807 685 4873 virtutem
708 4826 782 4871 oum
805 4805 1027 4888 hospitalitate
1041 4804 1168 4871 Paulus
1219 4824 1306 4870 nuno
1328 4803 1460 4888 papales
1493 4803 1632 4886 episeopi
1670 4811 1702 4866 ot
1733 4801 1954 4882 apostolorum
1988 4803 2194 4870 suooasaioue

195 4890 352 4956 avaritiae
379 4900 413 4956 et
439 4891 590 4958 sordibus
612 4912 776 4976 opponere
798 4891 955 4959 viedatur.
999 4891 1168 4957 Iustum
1218 4888 1415 4973 glorientur:
1437 4907 1575 4972 quorum
1590 4887 1675 4954 bona
1687 4903 1764 4968 pars
1779 4884 1859 4953 adeo
1876 4908 1993 4971 expers
2015 4896 2066 4953 est
2086 4886 2192 4955 omnia

194 4985 299 5054 vooat,
350 4976 404 5061 qui
454 4978 648 5045 innocenter
687 4988 836 5044 versatur
879 4980 964 5043 inter
1007 4975 1166 5042 homines.
1219 4975 1396 5057 doetrinae,
1428 4986 1466 5040 ut
1494 4973 1656 5041 insoitiam
1690 4967 1860 5060 dignitatis
1889 4994 1967 5040 suae
1995 4994 2062 5039 non
2096 4973 2193 5040 mini·

195 5057 399 5130 Sanotius
424 5062 473 5129 ad
501 5063 608 5131 Deum
643 5075 826 5147 respaotum
855 5063 963 5131 habet.
1017 5063 1167 5128 Namet
1220 5081 1308 5126 mam
1331 5069 1458 5145 partem
1479 5078 1550 5125 essa
1572 5056 1711 5130 dabant„
1744 5070 1750 5109 2

194 5144 291 5211 Plato
314 5147 377 5214 duo
401 5149 480 5217 haee
502 5148 549 5216 sio
571 5150 752 5235 distinguit.

279 5231 311 5299 9.
336 5234 494 5316 Trabeam,
515 5241 566 5305 ete.
603 5236 696 5304 Haeo
711 5256 789 5304 vero
804 5234 910 5320 prima
932 5235 989 5301 dos
1010 5240 1062 5301 est
1082 5232 1166 5317 epis·
1306 5228 1358 5297 10.
1381 5227 1463 5296 ame
1483 5227 1566 5293 eaba
1587 5223 1677 5291 multi
1698 5225 1951 5314 immorigeriet
1970 5231 2142 5319 ouaibqui,
2163 5237 2192 5298 et
