4762 6016
192 323 256 390 109
1079 321 1231 386 CAPUT
1253 321 1299 386 11.
2128 327 2194 392 110

192 538 252 602 per
273 516 413 583 deorsta
452 515 550 617 11555
570 515 673 616 igitur
693 513 866 583 leetiouem
889 534 987 598 quam
1007 515 1111 599 posui,
1134 522 1171 581 ut
1220 515 1316 616 prius
1341 512 1434 595 dixit,
1463 535 1551 614 nune
1580 515 1798 616 5515511151
1826 515 1972 617 51555515
2003 517 2193 604 dierumque

192 610 584 786 ’533333
599 610 742 770 33.
761 705 856 754 ...
900 683 1039 786 ιι..
1220 599 1682 771 ιθ.
1695 623 1784 754 3.
1816 621 1934 755 333
1964 689 2193 774 ι.

191 773 242 840 111
262 792 327 858 quo
344 771 501 842 Christus
521 771 774 858 ehirographum
792 771 934 838 induxit
969 769 1056 838 Nam
1073 781 1168 838 515511
1220 770 1406 838 Iudruare
1438 770 1493 839 hiu
1522 772 1683 857 signifieat
1723 772 1839 857 eulpae
1871 794 1963 840 reum
1993 774 2109 856 155515,
2142 777 2195 844 vel

191 859 299 926 affixit
333 857 423 926 eruei
455 879 534 927 suae
565 868 712 926 nostmm
744 857 1020 936 maledictionem,
1055 863 1169 923 nostra
1219 855 1410 941 religionem
1432 857 1574 937 iniiesre,
1596 859 1644 924 ita
1665 866 1703 925 ut
1724 857 1866 943 amplius
1887 858 1981 926 liberi
1998 880 2064 927 nun
2082 860 2195 930 simus.

192 952 334 1031 peoeata,
363 963 485 1028 555555
514 943 614 1011 51155
641 943 736 1010 55515
766 943 908 1010 debitas:
942 943 989 1008 ita
1016 949 1049 1008 51
1077 941 1169 1008 illam
1219 940 1329 1027 Negat
1356 943 1467 1027 igitur,
1497 942 1530 1009 in
1559 950 1722 1028 potestate
1750 944 1922 1011 hominum
1944 966 2016 1012 esse
2035 944 2195 1014 subiioars

191 1028 415 1097 servituteml
459 1030 547 1108 ',et
559 1028 718 1113 quidquid
733 1029 774 1096 ad
788 1027 939 1114 ligandas
953 1027 1168 1095 oousoieutias
1220 1047 1281 1094 uos
1308 1028 1527 1096 observationi
1550 1030 1682 1109 rituum,
1712 1051 1793 1115 quoe
1821 1039 1926 1096 morte
1955 1052 2015 1098 555
2042 1030 2196 1099 Christus

191 1116 346 1217 pertinet
485 1136 524 1182 us
552 1117 638 1182 enim
666 1116 756 1183 eruei
785 1115 820 1181 iu
842 1136 881 1181 se
899 1113 1021 1196 reuepit
1041 1113 1167 1180 omnia:
1219 1113 1373 1181 sustulit:
1394 1125 1429 1180 et
1449 1114 1565 1180 eximit
1585 1134 1646 1181 uus
1666 1115 1707 1181 ab
1728 1135 1842 1182 eorum
1860 1115 1949 1202 iugo,
1971 1136 2015 1183 ue
2032 1116 2195 1201 patiamur

192 1200 328 1284 ideoque
368 1200 499 1286 ligavit,
539 1221 582 1267 ne
623 1199 703 1284 qnid
743 1200 886 1285 amphus
920 1201 1001 1267 iuris
1036 1199 1073 1265 in
1108 1218 1169 1266 uus
1220 1218 1282 1265 uos
1303 1199 1440 1285 legibus,
1467 1220 1548 1285 quas
1570 1198 1715 1286 tulerint,
1736 1201 1867 1286 illigari.
1912 1200 2073 1270 0155151555
2091 1207 2195 1270 oseem

191 1287 344 1354 5555551.
1218 1285 1312 1352 tacite
1330 1285 1449 1352 5515115
1463 1284 1647 1353 modalibus
1664 1287 1802 1369 opponit,
1822 1308 1861 1354 se
1877 1288 2033 1370 55151555
2048 1289 2196 1356 5515555

259 1371 332 1474 15.
372 1370 571 1473 Ε5555115ι15
608 1371 820 1523 plrlsnepetue.
862 1369 1021 1438 Diabolus
1057 1368 1169 1454 prueul
1219 1391 1252 1438 ee
1273 1371 1389 1455 effera,
1410 1376 1446 1437 ιι1
1466 1371 1549 1455 quod
1568 1371 1609 1438 ob
1629 1370 1684 1439 1115
1704 1372 1814 1439 1151ιιιιι
1833 1377 1887 1457 est,
1908 1374 2028 1457 eripere
2048 1378 2145 1441 155151

192 1458 292 1631 11110
307 1456 694 1612 1105101111ξῶἓέδὲἓηῖ
711 1478 792 1611 heo.
836 1543 941 1626 Atqui
961 1540 1086 1609 Paulus
1110 1562 1169 1609 ex·
1221 1542 1480 1627 partioipatione.
1526 1542 1784 1628 chrysostomus
1811 1542 1886 1610 ideo
1914 1552 2044 1629 partem
2073 1545 2195 1613 dixisse

191 1638 335 1698 umatus
356 1649 427 1697 esse
449 1628 537 1710 dioit,
560 1651 603 1696 ne
624 1629 703 1713 quid
721 1629 896 1696 adversum
915 1648 975 1696 nus
992 1627 1169 1711 proferant,
1220 1628 1409 1712 arbitretur,
1435 1627 1519 1712 qued
1549 1649 1617 1695 non
1645 1650 1757 1696 omues
1784 1629 1854 1696 dies
1884 1630 1982 1697 iustos
2003 1629 2195 1700 servabant:

192 1717 265 1801 ipsa
286 1714 520 1783 tastiliuatioue
542 1720 654 1782 reatus
675 1715 780 1783 nestri
798 1713 930 1781 abolita.
965 1712 1169 1781 Nominatim
1221 1734 1326 1798 neque
1347 1715 1444 1780 etiam
1467 1725 1581 1781 exaote
1601 1714 1805 1782 feriabantur
1821 1737 1863 1782 ex
1880 1715 1964 1802 legis
1982 1717 2195 1801 praescripto:

192 1821 273 1870 vero
309 1799 371 1868 hee
406 1800 507 1882 addit,
543 1821 608 1884 quo
638 1801 799 1887 signilieet
830 1799 999 1867 vietoriam
1033 1797 1169 1879 Christi,
1220 1799 1302 1883 qaod
1328 1798 1463 1866 11151555
1491 1804 1547 1867 est.
1600 1798 1687 1867 Vide
1716 1821 1825 1868 annon
1865 1802 1969 1885 aeuipi
2004 1803 2109 1888 pessit
2137 1824 2195 1887 pro

191 1907 291 1973 quam
321 1886 362 1952 de
391 1884 517 1953 851555
545 1887 607 1954 5151
636 1898 670 1953 51
698 1886 791 1953 55515
819 1885 956 1971 peperit,
983 1905 1004 1951 a
1033 1883 1169 1970 pseudo·
1220 1886 1454 1972 segregatione.
1500 1884 1586 1953 Nam
1616 1887 1673 1971 qui
1703 1885 1831 1954 dierum
1859 1885 1986 1954 lauiunt
2013 1887 2196 1970 1155115155,

192 1971 349 2059 apostolis
384 1971 576 2039 deformari:
611 1981 646 2039 et
680 1991 741 2039 nes
776 1971 902 2055 privari
937 1971 1027 2039 111155
1062 1972 1169 2038 frustu
1220 1972 1313 2056 quasi
1343 1992 1448 2038 unum
1479 1971 1520 2038 ab
1549 1969 1614 2038 alio
1643 1970 1802 2040 dividunt
1843 1972 1934 2041 ilalis
1962 1974 2096 2057 partitio
2117 1994 2195 2042 oon·

192 2059 323 2146 quaudo
338 2056 559 2127 eaeremonias
573 2063 704 2126 veteres
717 2058 907 2125 restituunt
928 2055 1169 2124 1155ιί11551-
1220 2057 1376 2124 veniebat
1392 2056 1533 2136 Iudaeis,
1555 2066 1593 2123 ut
1614 2056 1683 2125 dias
1704 2066 1893 2142 praeseptus
1910 2071 2023 2127 sanote
2039 2058 2196 2145 oolereut,

192 2155 244 2212 155
272 2153 386 2212 nostra
413 2142 556 2228 spolium
577 2153 636 2223 551,
662 2142 750 2229 quod
772 2141 926 2210 Christus
954 2141 1083 2210 diabolo
1110 2142 1170 2208 eri-
1220 2142 1261 2209 ab
1290 2141 1364 2211 aliis
1384 2142 1597 2228 segregando.
1640 2142 1735 2209 Inter
1753 2143 1959 2211 Christianus
1981 2143 2057 2212 talis
2079 2143 2194 2214 divisio

189 2230 275 2316 puit,
296 2229 377 2314 quid
397 2228 455 2296 ulii
475 2228 601 2296 laeiuut
622 2230 678 2314 qui
698 2249 759 2296 nes
782 2227 898 2296 volunt
919 2229 956 2294 in
976 2229 1169 2295 servitutem
1220 2229 1367 2297 oessarit.
1412 2229 1525 2313 Atqui,
1554 2228 1638 2295 diuet
1667 2229 1838 2314 quispiam,
1868 2250 1928 2296 nos
1948 2231 2057 2298 adhuo
2078 2231 2196 2297 retine·

190 2315 352 2402 redigere,
380 2316 445 2381 nisi
473 2314 560 2398 quod
587 2314 692 2399 spolia
712 2316 892 2383 restituunt
914 2311 1066 2394 Satanae,
1096 2315 1169 2398 qui·
1220 2333 1295 2380 mus
1330 2314 1472 2399 aliquam
1505 2314 1632 2381 dierum
1664 2315 1934 2382 observationem.
1989 2316 2195 2399 Respondet,

191 2401 252 2469 bus
274 2401 420 2469 nudatus
440 2399 569 2467 luerat?
1222 2420 1282 2466 nos
1311 2400 1379 2467 dies
1400 2414 1606 2485 nequaquam
1629 2421 1771 2480 servare,
1802 2401 1893 2484 quasi
1915 2402 1951 2467 iu
1973 2399 2064 2468 leriis
2087 2400 2195 2485 eliqua

281 2486 496 2570 temptans
531 2487 570 2554 de
601 2486 655 2554 1515
685 2488 721 2553 ιἰι
751 2487 819 2554 5115.
874 2486 1006 2553 Patitur
1038 2484 1169 2569 quidem
1220 2486 1265 2552 511
1286 2486 1418 2571 religio:
1440 2487 1610 2570 autquasi
1633 2486 1682 2554 las
1704 2507 1772 2552 uon
1789 2488 1833 2553 sit
1851 2493 1931 2555 tune
1947 2485 2115 2554 laborare:
2137 2487 2194 2554 aad

191 2594 299 2640 sermo
321 2592 459 2658 graeeus
482 2583 518 2636 ut
538 2573 686 2659 legemus
709 2578 743 2638 in
765 2594 801 2639 se
822 2571 934 2658 ipse.²)
977 2569 1048 2637 Imo
1069 2572 1171 2637 maior
1221 2578 1406 2656 respeotum
1435 2570 1548 2637 haberi
1578 2571 1710 2655 politiae
1738 2581 1771 2639 et
1799 2570 1932 2652 ordinis,
1961 2593 2028 2638 non
2057 2572 2194 2639 dierum.

185 2679 269 2745 pars
297 2659 438 2726 sodidum
462 2656 550 2726 115551
578 2658 614 2725 iv
643 2659 732 2746 αὑτῷ
760 2679 830 2725 eam
858 2659 1091 2739 adspiratione:
1115 2657 1170 2723 sed
1222 2658 1327 2741 Atque
1350 2656 1383 2723 id
1405 2668 1456 2723 est
1478 2656 1565 2741 quod
1587 2658 1742 2723 euntiuuo
1763 2656 1942 2742 subiungit.

192 2746 318 2813 omnino
343 2744 485 2828 55515151
510 2744 569 2812 1551
597 2745 831 2812 eminete
852 2750 888 2811 51
908 2745 1001 2810 aliter
1019 2741 1167 2826 1555555.
1307 2744 1358 2810 11.
1383 2743 1471 2826 Quor
1490 2747 1564 2809 55511
1584 2743 1697 2810 umbre
1713 2743 1905 2827 futororum.
1941 2742 2020 2810 ideo
2034 2743 2193 2811 Christia-

194 2831 283 2915 Qsod
309 2832 393 2896 55151
421 2830 459 2895 de
483 2829 607 2897 Christo
630 2831 750 2917 frigide
769 2835 849 2897 esset
868 2831 994 2911 11511151,
1023 2830 1170 2897 coaonae
1220 2850 1280 2895 nos
1309 2830 1349 2896 ab
1375 2829 1441 2895 illis
1461 2828 1632 2896 servandis
1653 2829 1780 2911 libarat,
1809 2831 1886 2913 quie
1908 2832 2043 2898 umbrae
2065 2830 2195 2912 luerint,

191 2917 236 2985 ud
267 2936 386 2984 5555551
413 2915 558 2998 refertur.
610 2916 893 2998 Quemadmodum
921 2916 1009 2981 anim
1039 2934 1168 2982 erueem
1220 2936 1284 2999 quo
1315 2925 1462 2999 tempora
1490 2913 1645 2980 Christus
1673 2915 1781 2983 adhue
1809 2915 2049 2999 quodammodo
2078 2917 2195 2982 absens

192 3003 286 3086 prius
317 3016 563 3085 eomparaverat
595 3004 719 3089 insigni
752 3000 917 3084 trophaeo,
951 3001 1003 3068 val
1032 3021 1168 3085 pompae
1220 3009 1299 3068 erat.
1343 3001 1430 3068 Nam
1459 3001 1591 3066 umbras
1613 3002 1750 3085 opponit
1770 3002 1979 3068 revelationi:
2011 3003 2194 3068 absentiam

191 3088 359 3173 triumphi,
381 3089 416 3153 in
437 3109 502 3171 qua
524 3087 671 3155 traduxit
693 3089 846 3158 Christus
867 3108 944 3152 sues
966 3086 1091 3154 hostes:
1121 3088 1168 3153 115
1219 3108 1299 3153 vero
1335 3086 1540 3153 exhibitioni.
1594 3084 1661 3168 Qui
1697 3107 1776 3170 ergo
1813 3089 1944 3154 umbras
1979 3087 2053 3153 illas
2086 3087 2194 3154 51555

192 3174 302 3275 etiem·
313 3196 401 3241 5555
423 3173 562 3276 similem
585 3175 660 3241 lauit
682 3174 792 3274 ourrui
816 3172 1028 3274 triumphali,
1044 3175 1080 3274 in
1102 3193 1167 3274 quo
1218 3182 1394 3253 seutentur,
1425 3172 1560 3258 perinde
1588 3172 1711 3272 1551551
1739 3193 1777 3240 55
1804 3173 1833 3237 51
1861 3172 2107 3273 quishominis
2129 3173 2193 3238 lor·

191 3271 595 3413 3331113331.
615 3262 857 3431 12111111
874 3258 1167 3426 3111111111
1219 3256 2195 3428 33333101135333131131

193 3441 231 3499 ut
251 3430 491 3518 quodammodo
513 3452 633 3499 novam
655 3442 808 3499 naturam
830 3432 983 3498 induerit.
1028 3430 1167 3497 Nullum
1220 3441 1270 3498 eet
1291 3431 1399 3497 nobis:
1426 3429 1570 3513 adeoque
1593 3428 1649 3495 illo
1673 3441 1829 3514 tanquam
1851 3438 2021 3515 praesente
2043 3431 2194 3498 fruimur.

191 3518 281 3583 enim
304 3517 447 3584 tribunal
470 3526 537 3583 155
559 3518 780 3603 magnifieum,
802 3519 913 3585 nullus
934 3516 1054 3603 regalis
1076 3516 1166 3583 thro·
1219 3517 1389 3601 Corpus,
1411 3514 1528 3601 inquit,
1549 3524 1610 3581 est
1631 3515 1801 3584 Christi:
1826 3516 1888 3584 hou
1909 3524 1969 3595 est,
1991 3517 2026 3581 iu
2049 3515 2192 3583 Christo.

190 3623 256 3670 nus
288 3611 356 3668 tam
412 3602 586 3681 rseolarus,
618 3604 712 3670 nulla
743 3611 811 3670 tam
841 3605 979 3689 insignis
1009 3603 1108 3669 trium
1132 3602 1167 3668 hi
1219 3603 1305 3669 Nam
1333 3601 1518 3669 substantia
1545 3600 1676 3668 iliarum
1706 3623 1830 3687 rerum,
1863 3623 1945 3686 quas
1973 3604 2194 3669 caeremoniae

188 3709 320 3774 pompa,
349 3622 460 3754 551155
482 3699 551 3754 tam
573 3689 722 3757 sublimis
744 3711 870 3774 eurrus,
898 3709 996 3774 quam
1018 3625 1167 3754 51111151
1218 3689 1296 3756 5115
1325 3688 1523 3774 figurabant,
1552 3687 1646 3754 nobis
1675 3688 1823 3773 exposita
1850 3699 1902 3753 551
1928 3697 2005 3753 aute
2026 3687 2136 3754 oeulos
2158 3687 2193 3752 in

188 3774 384 3858 patibulum,
417 3772 453 3838 15
485 3794 549 3857 quo
579 3773 732 3842 Christus
764 3787 902 3842 mortem
935 3787 968 3841 et
1002 3771 1166 3841 diabolum
1219 3774 1361 3852 Christo,
1389 3773 1467 3858 quia
1487 3773 1523 3838 in
1545 3793 1582 3839 se
1603 3774 1750 3842 55511551
1770 3772 1926 3858 quidquid
1949 3772 2023 3838 illae
2046 3773 2193 3839 laturum

189 3859 308 3926 mortis
330 3859 510 3943 prinoipem
532 3860 672 3944 subegit,
694 3862 837 3945 adeoque
858 3862 991 3946 penitus
1013 3861 1166 3928 enutrivit
1218 3859 1444 3946 designabant.
1484 3859 1574 3942 Ergo
1595 3869 1655 3926 aut
1675 3858 1801 3925 Christi
1823 3859 2117 3926 manifestationem
2139 3858 2193 3924 ob

190 3946 252 4013 sub
274 3943 413 4030 pedibus
434 3946 513 4010 suis.
1218 3949 1299 4025 ruit,
1332 3955 1389 4013 aut
1420 3943 1593 4012 Christum
1623 3945 1746 4030 spoliat
1777 3965 1839 4012 sua
1866 3945 2001 4024 virtute,
2035 3953 2069 4009 51
2100 3945 2191 4028 quasi

1216 4032 1348 4099 155555
1378 4031 1495 4110 reddit,
1527 4031 1582 4116 qui
1612 4030 1833 4098 uaeramouias
1861 4037 1993 4098 revooat
2020 4030 2057 4095 15
2086 4050 2191 4096 usum.

278 4117 329 4183 16.
352 4115 463 4199 Itaque
483 4137 523 4183 sse
542 4116 616 4199 quie
635 4136 691 4185 555
709 4117 825 4184 iudica
844 4116 892 4184 uel
911 4118 948 4184 ιἰι
968 4118 1045 4200 eido,
1065 4118 1165 4187 55115
1216 4118 1296 4184 1155
1318 4120 1346 4185 51
1368 4119 1542 4201 quisquam
1563 4116 1751 4183 mortalium
1774 4115 1891 4183 iudiuis
1912 4117 2057 4184 ellioium
2075 4115 2110 4180 in
2128 4112 2191 4180 hau

185 4205 274 4290 pelte,
295 4201 343 4269 551
363 4203 400 4270 io
417 4208 509 4285 pore
528 4203 595 4270 diei
614 4202 698 4287 festi,
718 4202 767 4270 oei
787 4204 972 4282 5555155155,
994 4203 1165 4272 55155155-
1216 4211 1308 4287 parte
1328 4204 1393 4271 5151
1414 4211 1560 4289 usurpet,
1586 4224 1628 4272 ne
1649 4202 1882 4286 obsequamur:
1911 4223 2015 4286 quum
2037 4200 2191 4267 Christus

188 4285 329 4355 domm.-
371 4287 423 4354 11.
456 4308 537 4372 quoe
566 4292 641 4356 sunl
675 4287 788 4355 umbro
820 4290 1016 4373 5515555551,
1052 4310 1166 4375 eorpus
1217 4289 1384 4375 legitimus
1415 4288 1514 4356 iudex
1547 4309 1607 4357 nos
1639 4286 1796 4356 absolvat
1850 4287 1936 4355 Nam
1970 4308 2071 4372 quum
2105 4285 2191 4366 diuit,

189 4377 293 4442 ostiam
323 4372 451 4441 0151511.
497 4374 548 4442 18.
579 4373 631 4441 Ne
698 4373 843 4442 1555115
864 4374 1011 4456 palmum
1038 4376 1165 4461 eripiet,
1216 4397 1314 4442 5555
1341 4396 1402 4441 vos
1431 4374 1566 4443 iudiuet:
1596 4394 1661 4440 uon
1690 4373 1866 4459 alloquitur
1893 4372 2191 4457 pseudoapostolos:

187 4459 294 4528 551555
321 4461 358 4525 io
382 4458 556 4528 1555111515
581 4465 610 4526 et
734 4461 915 4546 augelorum
935 4461 971 4527 id
988 4462 1102 4547 fouere,
1129 4463 1165 4529 ιἰι
1217 4460 1275 4529 sed
1312 4461 1465 4546 prohibet
1496 4483 1539 4528 ne
1570 4459 1782 4528 Colossenses
1815 4458 1936 4525 eollum
1967 4459 2080 4544 iniquo
2112 4458 2192 4608 itffo

187 4565 228 4613 sa
248 4565 329 4629 qaue
345 4565 408 4613 ιιοιι
424 4547 506 4614 uidit
520 4566 555 4614 ee
570 4547 723 4633 15555155,
742 4547 868 4629 fnestra
883 4546 1014 4627 istflutsss
1029 4569 1051 4615 a
1067 4553 1166 4615 515515
1216 4547 1423 4615 5555111551
1460 4547 1525 4615 Per
1545 4568 1583 4614 se
1603 4544 1734 4632 quidam
1752 4544 1916 4612 abstinere
1932 4563 1953 4609 a
1968 4564 2069 4612 earne
2085 4544 2136 4611 sui
2161 4563 2190 4620 a,

187 4632 298 4700 eureis
326 4651 416 4713 5555,
459 4632 511 4699 19.
533 4637 561 4699 et
588 4652 653 4700 ιιοιι
672 4638 777 4700 uatus
797 4637 891 4716 epol
930 4654 968 4699 55
989 4654 1050 4718 quo
1070 4638 1165 4700 151555
1216 4632 1302 4699 nihil
1319 4639 1431 4700 nooet:
1453 4633 1511 4701 sed
1529 4633 1710 4718 5555151555
1727 4640 1777 4698 est
1790 4629 1954 4714 obligatio,
1997 4632 2051 4696 uia
2065 4629 2190 4698 Christi

188 4735 303 4800 eorpus
317 4738 379 4800 per
399 4718 562 4818 1115515555
582 4723 610 4786 et
630 4719 833 4818 westmoster
848 4683 1165 4787 mhminiebmst
1216 4719 1356 4804 gratiam
1385 4728 1529 4787 avaeuat
1577 4717 1616 4785 si
1645 4718 1719 4803 quis
1749 4719 1944 4815 interroget:
1973 4651 2061 4798 huid
2090 4715 2191 4815 igitur

184 4807 381 4887 5551555155
402 4808 509 4870 5155511
528 4809 711 4872 5555555115
731 4803 805 4871 Des.
1215 4803 1422 4871 sentiendum
1450 4804 1491 4870 de
1520 4804 1641 4870 nestris
1676 4805 1913 4870 saommentrsl
1951 4822 2060 4868 annon
2090 4812 2189 4865 etiam

1216 4889 1383 4958 absentem
1406 4888 1576 4957 Christum
1604 4891 1626 4954 fi
1673 4886 1771 4954 rant?
1812 4887 2016 4970 Respondeo,
2046 4886 2142 4970 longe
2171 4906 2191 4949 5

277 4973 327 5040 16.
362 4972 475 5058 Itaque
509 4996 548 5042 ιιι
582 4976 665 5059 quie.
718 4975 814 5059 Quod
847 4977 888 5043 15
919 4976 1165 5045 oireumoiaioue
1217 4974 1430 5044 eaeremoniis
1445 4974 1610 5043 veteribus
1650 4974 1769 5040 ilierre.
1805 4971 2089 5056 Quemadmodum
2103 4969 2189 5038 enim

187 5113 395 5126 --
1150 5076 1156 5089 ’
1215 5064 1355 5146 piutores
1377 5083 1444 5128 non
1461 5061 1654 5145 exprimunt
1671 5061 1778 5146 primo
1796 5060 1897 5129 duetu
1913 5059 2090 5144 imaginem
2104 5056 2189 5123 vivis

315 5178 417 5236 qm
438 5177 474 5235 ‚q
498 5193 605 5236 ,m
626 5177 745 5240 „m
767 5180 853 5238 mg,
874 5182 971 5252 ,μω
1012 5181 1103 5252 324„
1125 5181 1167 5238 q,
1216 5149 1380 5217 doloribus
1401 5157 1434 5215 et
1456 5148 1628 5228 5155515111,
1656 5144 1712 5213 sed
1736 5146 1833 5214 rudes
1859 5153 1892 5212 et
1913 5146 2066 5213 obseuras
2087 5143 2191 5210 lineas

733 1466 822 1524 artes
836 1456 983 1542 assignat
997 1456 1169 1541 seriptura,
1306 1455 1349 1522 15
1361 1461 1456 1539 55515
1472 1457 1537 1525 diei
1550 1456 1634 1540 festi.
1670 1458 1708 1524 rb
1726 1455 1822 1545 μέρος
1838 1458 1939 1545 aliqui
1955 1461 2119 1545 aouipiunt
2134 1480 2195 1546 pro

186 5180 377 5318 5511111551
393 5247 601 5307 memmae
1216 5237 1359 5320 primum
1382 5255 1424 5303 ex
1446 5231 1586 5304 aerbone
1603 5232 1745 5302 duount:
1768 5234 1815 5301 ita
1831 5233 1891 5302 sub
1919 5231 1991 5317 lege
2009 5229 2189 5317 impolitam
