<?xml version="1.0" encoding="UTF-8"?>
<!DOCTYPE html PUBLIC "-//W3C//DTD XHTML 1.0 Transitional//EN"
    "http://www.w3.org/TR/xhtml1/DTD/xhtml1-transitional.dtd">
<html xmlns="http://www.w3.org/1999/xhtml" xml:lang="en" lang="en">
 <head>
  <title>
</title>
<meta http-equiv="Content-Type" content="text/html;charset=utf-8" />
  <meta name='ocr-system' content='tesseract 3.04.00' />
  <meta name='ocr-capabilities' content='ocr_page ocr_carea ocr_par ocr_line ocrx_word'/>
</head>
<body>
  <div class='ocr_page' id='page_1' title='image "./ioanniscalvinio00calvgoog_0619.png"; bbox 0 0 4740 6016; ppageno 0'>
   <div class='ocr_carea' id='block_1_1' title="bbox 233 406 2230 482">
    <p class='ocr_par' dir='ltr' id='par_1_1' title="bbox 233 406 2230 482">
     <span class='ocr_line' id='line_1_1' title="bbox 233 406 2230 482; baseline -0.002 -2"><span class='ocrx_word' id='word_1_1' title='bbox 233 413 297 482; x_wconf 71' lang='lat'>447</span> <span class='ocrx_word' id='word_1_2' title='bbox 1044 406 1416 477; x_wconf 68' lang='lat' dir='ltr'><strong>COMMENTARIUS</strong></span> <span class='ocrx_word' id='word_1_3' title='bbox 2167 411 2230 477; x_wconf 80' lang='lat'>448</span> 
     </span>
    </p>
   </div>
   <div class='ocr_carea' id='block_1_2' title="bbox 228 598 2245 5417">
    <p class='ocr_par' dir='ltr' id='par_1_2' title="bbox 228 598 2245 5417">
     <span class='ocr_line' id='line_1_2' title="bbox 233 598 2232 690; baseline -0.001 -15"><span class='ocrx_word' id='word_1_4' title='bbox 233 610 348 677; x_wconf 82' lang='lat' dir='ltr'>noaoit.</span> <span class='ocrx_word' id='word_1_5' title='bbox 393 606 481 673; x_wconf 87' lang='lat' dir='ltr'>Hino</span> <span class='ocrx_word' id='word_1_6' title='bbox 510 605 643 690; x_wconf 79' lang='lat' dir='ltr'>oolligit,</span> <span class='ocrx_word' id='word_1_7' title='bbox 673 601 900 672; x_wconf 81' lang='lat' dir='ltr'><strong>Philemonem</strong></span> <span class='ocrx_word' id='word_1_8' title='bbox 930 601 1032 669; x_wconf 88' lang='lat' dir='ltr'>multo</span> <span class='ocrx_word' id='word_1_9' title='bbox 1060 601 1108 667; x_wconf 92' lang='lat' dir='ltr'>illi</span> <span class='ocrx_word' id='word_1_10' title='bbox 1131 622 1206 668; x_wconf 91' lang='lat' dir='ltr'>oon·</span> <span class='ocrx_word' id='word_1_11' title='bbox 1260 598 1504 666; x_wconf 80' lang='lat' dir='ltr'>Aonidioerot:</span> <span class='ocrx_word' id='word_1_12' title='bbox 1527 599 1612 665; x_wconf 88' lang='lat' dir='ltr'><strong>nihil</strong></span> <span class='ocrx_word' id='word_1_13' title='bbox 1635 600 1790 685; x_wconf 83' lang='lat' dir='ltr'>estquod</span> <span class='ocrx_word' id='word_1_14' title='bbox 1812 600 1893 667; x_wconf 92' lang='lat' dir='ltr'>mihi</span> <span class='ocrx_word' id='word_1_15' title='bbox 1916 622 2036 687; x_wconf 78' lang='lat' dir='ltr'>negare</span> <span class='ocrx_word' id='word_1_16' title='bbox 2058 604 2232 686; x_wconf 81' lang='lat' dir='ltr'>sustineas,</span> 
     </span>
     <span class='ocr_line' id='line_1_3' title="bbox 233 686 2233 775; baseline -0.001 -13"><span class='ocrx_word' id='word_1_17' title='bbox 233 695 428 762; x_wconf 87' lang='lat' dir='ltr'>innotiarem</span> <span class='ocrx_word' id='word_1_18' title='bbox 456 712 537 775; x_wconf 84' lang='lat' dir='ltr'>oeae,</span> <span class='ocrx_word' id='word_1_19' title='bbox 567 692 643 775; x_wconf 87' lang='lat' dir='ltr'>quia</span> <span class='ocrx_word' id='word_1_20' title='bbox 670 709 730 774; x_wconf 86' lang='lat' dir='ltr'>par</span> <span class='ocrx_word' id='word_1_21' title='bbox 752 698 785 755; x_wconf 87' lang='lat' dir='ltr'>et</span> <span class='ocrx_word' id='word_1_22' title='bbox 806 688 920 755; x_wconf 87' lang='lat' dir='ltr'>eadam</span> <span class='ocrx_word' id='word_1_23' title='bbox 941 688 976 755; x_wconf 90' lang='lat' dir='ltr'>in</span> <span class='ocrx_word' id='word_1_24' title='bbox 999 688 1142 754; x_wconf 90' lang='lat' dir='ltr'>Domino</span> <span class='ocrx_word' id='word_1_25' title='bbox 1163 689 1208 753; x_wconf 83' lang='lat' dir='ltr'>ait</span> <span class='ocrx_word' id='word_1_26' title='bbox 1260 686 1388 752; x_wconf 86' lang='lat' dir='ltr'>etiamsi</span> <span class='ocrx_word' id='word_1_27' title='bbox 1420 686 1560 770; x_wconf 87' lang='lat' dir='ltr'>teipsum</span> <span class='ocrx_word' id='word_1_28' title='bbox 1588 706 1764 771; x_wconf 88' lang='lat' dir='ltr'>posoerem.</span> <span class='ocrx_word' id='word_1_29' title='bbox 1793 687 1939 754; x_wconf 42' lang='lat' dir='ltr'>*Eodem</span> <span class='ocrx_word' id='word_1_30' title='bbox 1968 698 2120 773; x_wconf 83' lang='lat' dir='ltr'>speetant</span> <span class='ocrx_word' id='word_1_31' title='bbox 2148 712 2233 775; x_wconf 85' lang='lat' dir='ltr'>quae</span> 
     </span>
     <span class='ocr_line' id='line_1_4' title="bbox 232 770 2233 861; baseline -0.001 -13"><span class='ocrx_word' id='word_1_32' title='bbox 232 777 439 848; x_wconf 84' lang='lat' dir='ltr'>neoeanitudo</span> <span class='ocrx_word' id='word_1_33' title='bbox 465 777 596 861; x_wconf 84' lang='lat' dir='ltr'>utrique</span> <span class='ocrx_word' id='word_1_34' title='bbox 619 778 671 842; x_wconf 82' lang='lat' dir='ltr'>vel</span> <span class='ocrx_word' id='word_1_35' title='bbox 692 776 872 843; x_wconf 81' lang='lat' dir='ltr'>seeundum</span> <span class='ocrx_word' id='word_1_36' title='bbox 895 774 1061 859; x_wconf 83' lang='lat' dir='ltr'>spiritum:</span> <span class='ocrx_word' id='word_1_37' title='bbox 1092 794 1207 839; x_wconf 86' lang='lat' dir='ltr'>aeoun·</span> <span class='ocrx_word' id='word_1_38' title='bbox 1259 780 1441 855; x_wconf 84' lang='lat' dir='ltr'>sequuntur</span> <span class='ocrx_word' id='word_1_39' title='bbox 1471 771 1510 837; x_wconf 89' lang='lat' dir='ltr'>de</span> <span class='ocrx_word' id='word_1_40' title='bbox 1539 770 1681 855; x_wconf 83' lang='lat' dir='ltr'>hospitio</span> <span class='ocrx_word' id='word_1_41' title='bbox 1710 783 1744 839; x_wconf 87' lang='lat' dir='ltr'>ot</span> <span class='ocrx_word' id='word_1_42' title='bbox 1774 773 1856 855; x_wconf 82' lang='lat' dir='ltr'>aliia,</span> <span class='ocrx_word' id='word_1_43' title='bbox 1887 779 1922 839; x_wconf 92' lang='lat' dir='ltr'>ut</span> <span class='ocrx_word' id='word_1_44' title='bbox 1948 794 2023 841; x_wconf 78' lang='lat' dir='ltr'>noae</span> <span class='ocrx_word' id='word_1_45' title='bbox 2050 775 2233 847; x_wconf 71' lang='lat' dir='ltr'>mamimus.</span> 
     </span>
     <span class='ocr_line' id='line_1_5' title="bbox 233 857 2234 944; baseline -0.001 -10"><span class='ocrx_word' id='word_1_46' title='bbox 233 869 311 934; x_wconf 89' lang='lat' dir='ltr'>dum</span> <span class='ocrx_word' id='word_1_47' title='bbox 344 885 476 932; x_wconf 88' lang='lat' dir='ltr'>earnem</span> <span class='ocrx_word' id='word_1_48' title='bbox 508 883 586 930; x_wconf 80' lang='lat' dir='ltr'>vero</span> <span class='ocrx_word' id='word_1_49' title='bbox 615 861 793 930; x_wconf 79' lang='lat' dir='ltr'>Onesimus</span> <span class='ocrx_word' id='word_1_50' title='bbox 820 861 1003 926; x_wconf 77' lang='lat' dir='ltr'>membrum</span> <span class='ocrx_word' id='word_1_51' title='bbox 1031 860 1075 926; x_wconf 85' lang='lat' dir='ltr'>eit</span> <span class='ocrx_word' id='word_1_52' title='bbox 1104 859 1208 944; x_wconf 85' lang='lat' dir='ltr'>ipaiua</span> <span class='ocrx_word' id='word_1_53' title='bbox 1261 857 1372 924; x_wconf 88' lang='lat' dir='ltr'>Restat</span> <span class='ocrx_word' id='word_1_54' title='bbox 1401 877 1469 922; x_wconf 90' lang='lat' dir='ltr'>una</span> <span class='ocrx_word' id='word_1_55' title='bbox 1499 859 1655 941; x_wconf 74' lang='lat' dir='ltr'>quaestio,</span> <span class='ocrx_word' id='word_1_56' title='bbox 1693 860 1843 941; x_wconf 75' lang='lat' dir='ltr'>paenam</span> <span class='ocrx_word' id='word_1_57' title='bbox 1867 861 2022 941; x_wconf 86' lang='lat' dir='ltr'>prouuiae</span> <span class='ocrx_word' id='word_1_58' title='bbox 2052 863 2234 932; x_wconf 81' lang='lat' dir='ltr'>solutionem</span> 
     </span>
     <span class='ocr_line' id='line_1_6' title="bbox 232 944 2233 1033; baseline -0.001 -13"><span class='ocrx_word' id='word_1_59' title='bbox 232 951 387 1020; x_wconf 84' lang='lat' dir='ltr'>familiae.</span> <span class='ocrx_word' id='word_1_60' title='bbox 426 949 493 1015; x_wconf 90' lang='lat' dir='ltr'>Hie</span> <span class='ocrx_word' id='word_1_61' title='bbox 515 949 645 1015; x_wconf 90' lang='lat' dir='ltr'>demum</span> <span class='ocrx_word' id='word_1_62' title='bbox 691 948 861 1033; x_wconf 84' lang='lat' dir='ltr'>orapioitur</span> <span class='ocrx_word' id='word_1_63' title='bbox 883 966 959 1011; x_wconf 86' lang='lat' dir='ltr'>rara</span> <span class='ocrx_word' id='word_1_64' title='bbox 979 945 1076 1011; x_wconf 85' lang='lat' dir='ltr'>Pauli</span> <span class='ocrx_word' id='word_1_65' title='bbox 1100 944 1208 1009; x_wconf 90' lang='lat' dir='ltr'>mode·</span> <span class='ocrx_word' id='word_1_66' title='bbox 1254 944 1420 1026; x_wconf 75' lang='lat' dir='ltr'>prornitat</span> <span class='ocrx_word' id='word_1_67' title='bbox 1450 944 1506 1025; x_wconf 74' lang='lat' dir='ltr'>qui</span> <span class='ocrx_word' id='word_1_68' title='bbox 1534 944 1600 1009; x_wconf 88' lang='lat' dir='ltr'>nisi</span> <span class='ocrx_word' id='word_1_69' title='bbox 1628 944 1759 1010; x_wconf 83' lang='lat' dir='ltr'>adiutus</span> <span class='ocrx_word' id='word_1_70' title='bbox 1783 944 1897 1027; x_wconf 74' lang='lat' dir='ltr'>suisset</span> <span class='ocrx_word' id='word_1_71' title='bbox 1924 947 1963 1012; x_wconf 82' lang='lat' dir='ltr'>ah</span> <span class='ocrx_word' id='word_1_72' title='bbox 1991 949 2138 1031; x_wconf 74' lang='lat' dir='ltr'>meteriis,</span> <span class='ocrx_word' id='word_1_73' title='bbox 2169 972 2233 1018; x_wconf 91' lang='lat' dir='ltr'>non</span> 
     </span>
     <span class='ocr_line' id='line_1_7' title="bbox 232 970 2234 1121; baseline -0 -17"><span class='ocrx_word' id='word_1_74' title='bbox 232 1039 307 1117; x_wconf 84' lang='lat' dir='ltr'>ntia,</span> <span class='ocrx_word' id='word_1_75' title='bbox 340 1037 397 1121; x_wconf 90' lang='lat' dir='ltr'>qui</span> <span class='ocrx_word' id='word_1_76' title='bbox 424 1036 570 1101; x_wconf 85' lang='lat' dir='ltr'>fraterno</span> <span class='ocrx_word' id='word_1_77' title='bbox 602 970 699 1100; x_wconf 63' lang='lat' dir='ltr'>deuii</span> <span class='ocrx_word' id='word_1_78' title='bbox 728 1032 851 1098; x_wconf 82' lang='lat' dir='ltr'>nullius</span> <span class='ocrx_word' id='word_1_79' title='bbox 880 1029 978 1116; x_wconf 84' lang='lat' dir='ltr'>pretii</span> <span class='ocrx_word' id='word_1_80' title='bbox 1007 1029 1207 1114; x_wconf 73' lang='lat' dir='ltr'>mancipium</span> <span class='ocrx_word' id='word_1_81' title='bbox 1259 1028 1387 1095; x_wconf 82' lang='lat' dir='ltr'>hahebat</span> <span class='ocrx_word' id='word_1_82' title='bbox 1400 1030 1482 1095; x_wconf 86' lang='lat' dir='ltr'>unde</span> <span class='ocrx_word' id='word_1_83' title='bbox 1491 1034 1629 1111; x_wconf 85' lang='lat' dir='ltr'>pareret</span> <span class='ocrx_word' id='word_1_84' title='bbox 1648 1030 1817 1114; x_wconf 72' lang='lat' dir='ltr'>frupatiter</span> <span class='ocrx_word' id='word_1_85' title='bbox 1837 1031 1959 1097; x_wconf 71' lang='lat' dir='ltr'>maeret.</span> <span class='ocrx_word' id='word_1_86' title='bbox 2000 1032 2133 1103; x_wconf 82' lang='lat' dir='ltr'>Videtur</span> <span class='ocrx_word' id='word_1_87' title='bbox 2154 1043 2234 1103; x_wconf 81' lang='lat' dir='ltr'>certe</span> 
     </span>
     <span class='ocr_line' id='line_1_8' title="bbox 233 1115 2234 1209; baseline -0 -19"><span class='ocrx_word' id='word_1_88' title='bbox 233 1123 403 1209; x_wconf 73' lang='lat' dir='ltr'><strong>dignatur:</strong></span> <span class='ocrx_word' id='word_1_89' title='bbox 433 1124 496 1186; x_wconf 94' lang='lat' dir='ltr'>imo</span> <span class='ocrx_word' id='word_1_90' title='bbox 527 1121 662 1186; x_wconf 83' lang='lat' dir='ltr'>tratrem</span> <span class='ocrx_word' id='word_1_91' title='bbox 691 1119 754 1185; x_wconf 87' lang='lat' dir='ltr'>sibi</span> <span class='ocrx_word' id='word_1_92' title='bbox 780 1117 1081 1184; x_wconf 83' lang='lat' dir='ltr'>ooniunotiaaimom</span> <span class='ocrx_word' id='word_1_93' title='bbox 1102 1115 1207 1182; x_wconf 92' lang='lat' dir='ltr'>nomi·</span> <span class='ocrx_word' id='word_1_94' title='bbox 1260 1115 1297 1180; x_wconf 87' lang='lat' dir='ltr'>in</span> <span class='ocrx_word' id='word_1_95' title='bbox 1328 1115 1385 1181; x_wconf 87' lang='lat' dir='ltr'>has</span> <span class='ocrx_word' id='word_1_96' title='bbox 1411 1115 1553 1196; x_wconf 81' lang='lat' dir='ltr'>penuria</span> <span class='ocrx_word' id='word_1_97' title='bbox 1581 1121 1609 1181; x_wconf 87' lang='lat' dir='ltr'>et</span> <span class='ocrx_word' id='word_1_98' title='bbox 1674 1121 1767 1183; x_wconf 83' lang='lat' dir='ltr'>estate</span> <span class='ocrx_word' id='word_1_99' title='bbox 1794 1117 1930 1183; x_wconf 83' lang='lat' dir='ltr'>ridiouta</span> <span class='ocrx_word' id='word_1_100' title='bbox 1958 1138 2025 1185; x_wconf 89' lang='lat' dir='ltr'>esse</span> <span class='ocrx_word' id='word_1_101' title='bbox 2048 1123 2234 1203; x_wconf 70' lang='lat' dir='ltr'>promissio:</span> 
     </span>
     <span class='ocr_line' id='line_1_9' title="bbox 232 1199 2234 1289; baseline -0.001 -12"><span class='ocrx_word' id='word_1_102' title='bbox 232 1220 301 1277; x_wconf 85' lang='lat' dir='ltr'>nat.</span> <span class='ocrx_word' id='word_1_103' title='bbox 345 1208 390 1273; x_wconf 78' lang='lat' dir='ltr'>ut</span> <span class='ocrx_word' id='word_1_104' title='bbox 416 1216 504 1274; x_wconf 85' lang='lat' dir='ltr'>oerte</span> <span class='ocrx_word' id='word_1_105' title='bbox 533 1207 653 1272; x_wconf 86' lang='lat' dir='ltr'>nimiae</span> <span class='ocrx_word' id='word_1_106' title='bbox 682 1204 852 1289; x_wconf 76' lang='lat' dir='ltr'><strong>superbiae</strong></span> <span class='ocrx_word' id='word_1_107' title='bbox 874 1204 969 1282; x_wconf 85' lang='lat' dir='ltr'>foret,</span> <span class='ocrx_word' id='word_1_108' title='bbox 1002 1204 1030 1268; x_wconf 88' lang='lat' dir='ltr'>ai</span> <span class='ocrx_word' id='word_1_109' title='bbox 1046 1223 1127 1286; x_wconf 87' lang='lat' dir='ltr'>quos</span> <span class='ocrx_word' id='word_1_110' title='bbox 1150 1221 1208 1286; x_wconf 86' lang='lat' dir='ltr'>pro</span> <span class='ocrx_word' id='word_1_111' title='bbox 1260 1200 1317 1267; x_wconf 86' lang='lat' dir='ltr'>sed</span> <span class='ocrx_word' id='word_1_112' title='bbox 1342 1199 1436 1284; x_wconf 75' lang='lat' dir='ltr'>facile</span> <span class='ocrx_word' id='word_1_113' title='bbox 1463 1205 1508 1267; x_wconf 88' lang='lat' dir='ltr'>est</span> <span class='ocrx_word' id='word_1_114' title='bbox 1526 1201 1631 1267; x_wconf 86' lang='lat' dir='ltr'>nidere</span> <span class='ocrx_word' id='word_1_115' title='bbox 1732 1201 1876 1286; x_wconf 74' lang='lat' dir='ltr'>loquendi</span> <span class='ocrx_word' id='word_1_116' title='bbox 1895 1203 2001 1285; x_wconf 76' lang='lat' dir='ltr'>sarna</span> <span class='ocrx_word' id='word_1_117' title='bbox 2021 1204 2160 1274; x_wconf 78' lang='lat' dir='ltr'>Paulum</span> <span class='ocrx_word' id='word_1_118' title='bbox 2181 1210 2234 1274; x_wconf 88' lang='lat' dir='ltr'>de·</span> 
     </span>
     <span class='ocr_line' id='line_1_10' title="bbox 232 1286 2233 1376; baseline -0.002 -15"><span class='ocrx_word' id='word_1_119' title='bbox 232 1293 390 1361; x_wconf 84' lang='lat' dir='ltr'>tratribus</span> <span class='ocrx_word' id='word_1_120' title='bbox 422 1292 542 1359; x_wconf 85' lang='lat' dir='ltr'>habere</span> <span class='ocrx_word' id='word_1_121' title='bbox 573 1291 694 1376; x_wconf 86' lang='lat' dir='ltr'>pudeat</span> <span class='ocrx_word' id='word_1_122' title='bbox 726 1310 807 1375; x_wconf 86' lang='lat' dir='ltr'>quos</span> <span class='ocrx_word' id='word_1_123' title='bbox 840 1290 931 1356; x_wconf 84' lang='lat' dir='ltr'>Deua</span> <span class='ocrx_word' id='word_1_124' title='bbox 961 1290 997 1354; x_wconf 92' lang='lat' dir='ltr'>in</span> <span class='ocrx_word' id='word_1_125' title='bbox 1028 1288 1107 1354; x_wconf 82' lang='lat' dir='ltr'>filiis</span> <span class='ocrx_word' id='word_1_126' title='bbox 1140 1288 1208 1352; x_wconf 86' lang='lat' dir='ltr'>auia</span> <span class='ocrx_word' id='word_1_127' title='bbox 1254 1287 1386 1369; x_wconf 80' lang='lat' dir='ltr'>precari</span> <span class='ocrx_word' id='word_1_128' title='bbox 1405 1306 1444 1350; x_wconf 84' lang='lat' dir='ltr'>ne</span> <span class='ocrx_word' id='word_1_129' title='bbox 1457 1286 1535 1368; x_wconf 77' lang='lat' dir='ltr'>quid</span> <span class='ocrx_word' id='word_1_130' title='bbox 1555 1307 1577 1352; x_wconf 92' lang='lat' dir='ltr'>a</span> <span class='ocrx_word' id='word_1_131' title='bbox 1597 1306 1685 1353; x_wconf 80' lang='lat' dir='ltr'>seruo</span> <span class='ocrx_word' id='word_1_132' title='bbox 1704 1293 1860 1372; x_wconf 86' lang='lat' dir='ltr'>resposoat</span> <span class='ocrx_word' id='word_1_133' title='bbox 1879 1287 2049 1371; x_wconf 75' lang='lat' dir='ltr'>Phriernon,</span> <span class='ocrx_word' id='word_1_134' title='bbox 2072 1294 2131 1359; x_wconf 87' lang='lat' dir='ltr'>etsi</span> <span class='ocrx_word' id='word_1_135' title='bbox 2149 1294 2233 1361; x_wconf 84' lang='lat' dir='ltr'>eninr</span> 
     </span>
     <span class='ocr_line' id='line_1_11' title="bbox 233 1372 2234 1462; baseline 0 -16"><span class='ocrx_word' id='word_1_136' title='bbox 233 1389 356 1447; x_wconf 80' lang='lat' dir='ltr'>ueneat.</span> <span class='ocrx_word' id='word_1_137' title='bbox 408 1377 504 1460; x_wconf 77' lang='lat' dir='ltr'>Quod</span> <span class='ocrx_word' id='word_1_138' title='bbox 532 1385 640 1444; x_wconf 86' lang='lat' dir='ltr'>autem</span> <span class='ocrx_word' id='word_1_139' title='bbox 670 1376 758 1459; x_wconf 84' lang='lat' dir='ltr'>dioit,</span> <span class='ocrx_word' id='word_1_140' title='bbox 792 1374 1089 1459; x_wconf 79' lang='lat' dir='ltr'>quantomagis</span> <span class='ocrx_word' id='word_1_141' title='bbox 1119 1373 1208 1451; x_wconf 85' lang='lat' dir='ltr'>tibi,</span> <span class='ocrx_word' id='word_1_142' title='bbox 1260 1392 1322 1439; x_wconf 90' lang='lat' dir='ltr'>non</span> <span class='ocrx_word' id='word_1_143' title='bbox 1352 1372 1471 1438; x_wconf 78' lang='lat' dir='ltr'>ironim</span> <span class='ocrx_word' id='word_1_144' title='bbox 1502 1372 1650 1455; x_wconf 73' lang='lat' dir='ltr'>loquitor,</span> <span class='ocrx_word' id='word_1_145' title='bbox 1683 1372 1809 1458; x_wconf 75' lang='lat' dir='ltr'>ohhpua</span> <span class='ocrx_word' id='word_1_146' title='bbox 1835 1378 1939 1440; x_wconf 88' lang='lat' dir='ltr'>tamen</span> <span class='ocrx_word' id='word_1_147' title='bbox 1961 1377 2066 1461; x_wconf 74' lang='lat' dir='ltr'>fipuro</span> <span class='ocrx_word' id='word_1_148' title='bbox 2089 1380 2172 1462; x_wconf 87' lang='lat' dir='ltr'>petit</span> <span class='ocrx_word' id='word_1_149' title='bbox 2198 1383 2234 1445; x_wconf 89' lang='lat' dir='ltr'>ut</span> 
     </span>
     <span class='ocr_line' id='line_1_12' title="bbox 233 1457 2235 1548; baseline -0 -16"><span class='ocrx_word' id='word_1_150' title='bbox 233 1465 287 1532; x_wconf 86' lang='lat' dir='ltr'>hia</span> <span class='ocrx_word' id='word_1_151' title='bbox 313 1465 421 1533; x_wconf 84' lang='lat' dir='ltr'>verbis</span> <span class='ocrx_word' id='word_1_152' title='bbox 450 1485 516 1530; x_wconf 91' lang='lat' dir='ltr'>non</span> <span class='ocrx_word' id='word_1_153' title='bbox 546 1463 710 1548; x_wconf 81' lang='lat' dir='ltr'>signifieat</span> <span class='ocrx_word' id='word_1_154' title='bbox 730 1461 958 1528; x_wconf 82' lang='lat' dir='ltr'>Philemonem</span> <span class='ocrx_word' id='word_1_155' title='bbox 986 1458 1091 1544; x_wconf 78' lang='lat' dir='ltr'>gradu</span> <span class='ocrx_word' id='word_1_156' title='bbox 1113 1478 1208 1542; x_wconf 89' lang='lat' dir='ltr'>oupe-</span> <span class='ocrx_word' id='word_1_157' title='bbox 1259 1478 1368 1524; x_wconf 87' lang='lat' dir='ltr'>nomen</span> <span class='ocrx_word' id='word_1_158' title='bbox 1396 1457 1451 1523; x_wconf 85' lang='lat' dir='ltr'>hoo</span> <span class='ocrx_word' id='word_1_159' title='bbox 1479 1459 1607 1526; x_wconf 81' lang='lat' dir='ltr'>induent</span> <span class='ocrx_word' id='word_1_160' title='bbox 1633 1461 1661 1524; x_wconf 86' lang='lat' dir='ltr'>et</span> <span class='ocrx_word' id='word_1_161' title='bbox 1687 1460 1794 1526; x_wconf 81' lang='lat' dir='ltr'>deleat.</span> <span class='ocrx_word' id='word_1_162' title='bbox 1840 1458 1957 1527; x_wconf 68' lang='lat' dir='ltr'>&amp;neres</span> <span class='ocrx_word' id='word_1_163' title='bbox 1982 1482 2053 1546; x_wconf 84' lang='lat' dir='ltr'>erpo</span> <span class='ocrx_word' id='word_1_164' title='bbox 2074 1470 2128 1547; x_wconf 86' lang='lat' dir='ltr'>est,</span> <span class='ocrx_word' id='word_1_165' title='bbox 2153 1465 2235 1532; x_wconf 84' lang='lat' dir='ltr'>Nolo</span> 
     </span>
     <span class='ocr_line' id='line_1_13' title="bbox 233 1545 2233 1632; baseline -0.001 -14"><span class='ocrx_word' id='word_1_166' title='bbox 233 1552 353 1618; x_wconf 83' lang='lat' dir='ltr'>riorem</span> <span class='ocrx_word' id='word_1_167' title='bbox 383 1570 453 1617; x_wconf 85' lang='lat' dir='ltr'>ease</span> <span class='ocrx_word' id='word_1_168' title='bbox 475 1549 654 1616; x_wconf 82' lang='lat' dir='ltr'>seeundum</span> <span class='ocrx_word' id='word_1_169' title='bbox 676 1549 843 1632; x_wconf 79' lang='lat' dir='ltr'>spiritum:</span> <span class='ocrx_word' id='word_1_170' title='bbox 873 1567 989 1612; x_wconf 78' lang='lat' dir='ltr'>verum</span> <span class='ocrx_word' id='word_1_171' title='bbox 1013 1565 1127 1611; x_wconf 81' lang='lat' dir='ltr'>aeneus</span> <span class='ocrx_word' id='word_1_172' title='bbox 1149 1554 1209 1624; x_wconf 82' lang='lat' dir='ltr'>eat,</span> <span class='ocrx_word' id='word_1_173' title='bbox 1259 1548 1297 1609; x_wconf 89' lang='lat' dir='ltr'>ut</span> <span class='ocrx_word' id='word_1_174' title='bbox 1308 1563 1379 1611; x_wconf 74' lang='lat' dir='ltr'>arm</span> <span class='ocrx_word' id='word_1_175' title='bbox 1392 1563 1480 1610; x_wconf 84' lang='lat' dir='ltr'>seruo</span> <span class='ocrx_word' id='word_1_176' title='bbox 1496 1550 1547 1610; x_wconf 93' lang='lat' dir='ltr'>tuo</span> <span class='ocrx_word' id='word_1_177' title='bbox 1567 1545 1678 1629; x_wconf 80' lang='lat' dir='ltr'>titipes,</span> <span class='ocrx_word' id='word_1_178' title='bbox 1701 1547 1767 1614; x_wconf 82' lang='lat' dir='ltr'>nisi</span> <span class='ocrx_word' id='word_1_179' title='bbox 1786 1564 1835 1611; x_wconf 89' lang='lat' dir='ltr'>me</span> <span class='ocrx_word' id='word_1_180' title='bbox 1855 1546 1933 1612; x_wconf 83' lang='lat' dir='ltr'>retis</span> <span class='ocrx_word' id='word_1_181' title='bbox 1952 1549 2018 1613; x_wconf 85' lang='lat' dir='ltr'>eius</span> <span class='ocrx_word' id='word_1_182' title='bbox 2038 1549 2102 1615; x_wconf 78' lang='lat' dir='ltr'>loeo</span> <span class='ocrx_word' id='word_1_183' title='bbox 2120 1549 2233 1617; x_wconf 82' lang='lat' dir='ltr'>hahere</span> 
     </span>
     <span class='ocr_line' id='line_1_14' title="bbox 234 1629 2231 1720; baseline 0 -18"><span class='ocrx_word' id='word_1_184' title='bbox 234 1637 344 1719; x_wconf 77' lang='lat' dir='ltr'>Quum</span> <span class='ocrx_word' id='word_1_185' title='bbox 367 1633 450 1702; x_wconf 92' lang='lat' dir='ltr'>mihi</span> <span class='ocrx_word' id='word_1_186' title='bbox 478 1635 682 1720; x_wconf 79' lang='lat' dir='ltr'>potissimum</span> <span class='ocrx_word' id='word_1_187' title='bbox 712 1635 755 1699; x_wconf 86' lang='lat' dir='ltr'>ait</span> <span class='ocrx_word' id='word_1_188' title='bbox 783 1633 894 1711; x_wconf 84' lang='lat' dir='ltr'>frater,</span> <span class='ocrx_word' id='word_1_189' title='bbox 928 1630 987 1697; x_wconf 87' lang='lat' dir='ltr'>tibi</span> <span class='ocrx_word' id='word_1_190' title='bbox 1013 1631 1209 1716; x_wconf 76' lang='lat' dir='ltr'>meginense</span> <span class='ocrx_word' id='word_1_191' title='bbox 1260 1629 1436 1696; x_wconf 83' lang='lat' dir='ltr'>debitorem</span> <span class='ocrx_word' id='word_1_192' title='bbox 1479 1631 1567 1696; x_wconf 89' lang='lat' dir='ltr'>Nom</span> <span class='ocrx_word' id='word_1_193' title='bbox 1588 1632 1695 1696; x_wconf 86' lang='lat' dir='ltr'>statim</span> <span class='ocrx_word' id='word_1_194' title='bbox 1716 1631 1806 1698; x_wconf 82' lang='lat' dir='ltr'>addit</span> <span class='ocrx_word' id='word_1_195' title='bbox 1826 1629 2038 1699; x_wconf 78' lang='lat' dir='ltr'>Philemennn</span> <span class='ocrx_word' id='word_1_196' title='bbox 2057 1656 2122 1702; x_wconf 88' lang='lat' dir='ltr'>esse</span> <span class='ocrx_word' id='word_1_197' title='bbox 2138 1655 2231 1716; x_wconf 88' lang='lat' dir='ltr'>pror·</span> 
     </span>
     <span class='ocr_line' id='line_1_15' title="bbox 234 1716 2231 1806; baseline -0.001 -18"><span class='ocrx_word' id='word_1_198' title='bbox 234 1723 339 1806; x_wconf 87' lang='lat' dir='ltr'>dehet,</span> <span class='ocrx_word' id='word_1_199' title='bbox 362 1741 461 1806; x_wconf 88' lang='lat' dir='ltr'>qaum</span> <span class='ocrx_word' id='word_1_200' title='bbox 481 1720 601 1804; x_wconf 87' lang='lat' dir='ltr'>duplex</span> <span class='ocrx_word' id='word_1_201' title='bbox 623 1722 667 1786; x_wconf 86' lang='lat' dir='ltr'>ait</span> <span class='ocrx_word' id='word_1_202' title='bbox 688 1720 774 1786; x_wconf 84' lang='lat' dir='ltr'>inter</span> <span class='ocrx_word' id='word_1_203' title='bbox 797 1738 856 1785; x_wconf 79' lang='lat' dir='ltr'>vos</span> <span class='ocrx_word' id='word_1_204' title='bbox 876 1718 1115 1785; x_wconf 86' lang='lat' dir='ltr'>oouiunotionie</span> <span class='ocrx_word' id='word_1_205' title='bbox 1138 1717 1208 1783; x_wconf 86' lang='lat' dir='ltr'>viu·</span> <span class='ocrx_word' id='word_1_206' title='bbox 1261 1735 1317 1783; x_wconf 87' lang='lat' dir='ltr'>sus</span> <span class='ocrx_word' id='word_1_207' title='bbox 1345 1726 1448 1782; x_wconf 86' lang='lat' dir='ltr'>suum.</span> <span class='ocrx_word' id='word_1_208' title='bbox 1495 1717 1558 1798; x_wconf 78' lang='lat' dir='ltr'>Qui</span> <span class='ocrx_word' id='word_1_209' title='bbox 1586 1735 1658 1782; x_wconf 84' lang='lat' dir='ltr'>aero</span> <span class='ocrx_word' id='word_1_210' title='bbox 1688 1722 1786 1783; x_wconf 90' lang='lat' dir='ltr'>totum</span> <span class='ocrx_word' id='word_1_211' title='bbox 1811 1716 1966 1784; x_wconf 84' lang='lat' dir='ltr'>hominem</span> <span class='ocrx_word' id='word_1_212' title='bbox 1992 1720 2057 1788; x_wconf 82' lang='lat' dir='ltr'>sihi</span> <span class='ocrx_word' id='word_1_213' title='bbox 2082 1721 2231 1803; x_wconf 85' lang='lat' dir='ltr'>uendioat,</span> 
     </span>
     <span class='ocr_line' id='line_1_16' title="bbox 233 1801 2096 1890; baseline -0.002 -15"><span class='ocrx_word' id='word_1_214' title='bbox 233 1807 358 1876; x_wconf 89' lang='lat' dir='ltr'>oulum.</span> <span class='ocrx_word' id='word_1_215' title='bbox 402 1806 565 1874; x_wconf 72' lang='lat' dir='ltr'>antnurn</span> <span class='ocrx_word' id='word_1_216' title='bbox 586 1808 663 1890; x_wconf 80' lang='lat' dir='ltr'>puio</span> <span class='ocrx_word' id='word_1_217' title='bbox 684 1809 763 1873; x_wconf 81' lang='lat' dir='ltr'>rem</span> <span class='ocrx_word' id='word_1_218' title='bbox 783 1805 982 1871; x_wconf 66' lang='lat' dir='ltr'>aduentum</span> <span class='ocrx_word' id='word_1_219' title='bbox 1002 1810 1048 1871; x_wconf 90' lang='lat' dir='ltr'>est</span> <span class='ocrx_word' id='word_1_220' title='bbox 1071 1802 1211 1871; x_wconf 88' lang='lat' dir='ltr'>Pautmn</span> <span class='ocrx_word' id='word_1_221' title='bbox 1261 1822 1324 1870; x_wconf 90' lang='lat' dir='ltr'>non</span> <span class='ocrx_word' id='word_1_222' title='bbox 1345 1806 1391 1868; x_wconf 88' lang='lat' dir='ltr'>est</span> <span class='ocrx_word' id='word_1_223' title='bbox 1411 1821 1469 1868; x_wconf 89' lang='lat' dir='ltr'>our</span> <span class='ocrx_word' id='word_1_224' title='bbox 1489 1803 1528 1869; x_wconf 84' lang='lat' dir='ltr'>de</span> <span class='ocrx_word' id='word_1_225' title='bbox 1548 1801 1696 1871; x_wconf 82' lang='lat' dir='ltr'>sotenrda</span> <span class='ocrx_word' id='word_1_226' title='bbox 1711 1803 1851 1887; x_wconf 75' lang='lat' dir='ltr'>pemmo</span> <span class='ocrx_word' id='word_1_227' title='bbox 1871 1807 1915 1870; x_wconf 89' lang='lat' dir='ltr'>sit</span> <span class='ocrx_word' id='word_1_228' title='bbox 1935 1805 2096 1872; x_wconf 84' lang='lat' dir='ltr'>soiiioitns.</span> 
     </span>
     <span class='ocr_line' id='line_1_17' title="bbox 233 1890 1211 1978; baseline -0.008 -16"><span class='ocrx_word' id='word_1_229' title='bbox 233 1915 297 1962; x_wconf 90' lang='lat' dir='ltr'>non</span> <span class='ocrx_word' id='word_1_230' title='bbox 310 1899 423 1959; x_wconf 86' lang='lat' dir='ltr'>temere</span> <span class='ocrx_word' id='word_1_231' title='bbox 436 1912 491 1959; x_wconf 83' lang='lat' dir='ltr'>neo</span> <span class='ocrx_word' id='word_1_232' title='bbox 503 1892 637 1975; x_wconf 70' lang='lat' dir='ltr'>traditan</span> <span class='ocrx_word' id='word_1_233' title='bbox 670 1898 706 1959; x_wconf 91' lang='lat' dir='ltr'>ut</span> <span class='ocrx_word' id='word_1_234' title='bbox 716 1890 859 1975; x_wconf 78' lang='lat' dir='ltr'>plerique</span> <span class='ocrx_word' id='word_1_235' title='bbox 880 1890 991 1978; x_wconf 82' lang='lat' dir='ltr'>solent)</span> <span class='ocrx_word' id='word_1_236' title='bbox 1007 1912 1069 1975; x_wconf 88' lang='lat' dir='ltr'>pro</span> <span class='ocrx_word' id='word_1_237' title='bbox 1090 1890 1211 1958; x_wconf 89' lang='lat' dir='ltr'>homine</span> 
     </span>
     <span class='ocr_line' id='line_1_18' title="bbox 233 1973 2238 2063; baseline -0.001 -17"><span class='ocrx_word' id='word_1_238' title='bbox 233 1981 403 2046; x_wconf 87' lang='lat' dir='ltr'>nonsatis</span> <span class='ocrx_word' id='word_1_239' title='bbox 430 1979 547 2063; x_wconf 81' lang='lat' dir='ltr'>ooprrito</span> <span class='ocrx_word' id='word_1_240' title='bbox 574 1998 649 2061; x_wconf 88' lang='lat' dir='ltr'>spon</span> <span class='ocrx_word' id='word_1_241' title='bbox 707 2000 738 2062; x_wconf 89' lang='lat' dir='ltr'>e,</span> <span class='ocrx_word' id='word_1_242' title='bbox 770 1997 808 2044; x_wconf 86' lang='lat' dir='ltr'>ae</span> <span class='ocrx_word' id='word_1_243' title='bbox 839 1978 983 2045; x_wconf 78' lang='lat' dir='ltr'>aetoliam</span> <span class='ocrx_word' id='word_1_244' title='bbox 1011 1978 1080 2043; x_wconf 87' lang='lat' dir='ltr'>eius</span> <span class='ocrx_word' id='word_1_245' title='bbox 1107 1977 1211 2060; x_wconf 80' lang='lat' dir='ltr'>fidem,</span> <span class='ocrx_word' id='word_1_246' title='bbox 1349 1975 1402 2041; x_wconf 89' lang='grc'>20.</span> <span class='ocrx_word' id='word_1_247' title='bbox 1427 1974 1514 2041; x_wconf 85' lang='lat' dir='ltr'>Osrtr</span> <span class='ocrx_word' id='word_1_248' title='bbox 1540 1973 1649 2055; x_wconf 73' lang='lat' dir='ltr'>frater,</span> <span class='ocrx_word' id='word_1_249' title='bbox 1678 1995 1731 2060; x_wconf 83' lang='lat' dir='ltr'>epo</span> <span class='ocrx_word' id='word_1_250' title='bbox 1753 1980 1782 2040; x_wconf 86' lang='lat' dir='ltr'>te</span> <span class='ocrx_word' id='word_1_251' title='bbox 1802 1975 1899 2057; x_wconf 72' lang='lat' dir='ltr'>fruar</span> <span class='ocrx_word' id='word_1_252' title='bbox 1918 1978 1955 2042; x_wconf 89' lang='lat' dir='ltr'>in</span> <span class='ocrx_word' id='word_1_253' title='bbox 1976 1975 2127 2043; x_wconf 88' lang='lat' dir='ltr'>Domino:</span> <span class='ocrx_word' id='word_1_254' title='bbox 2154 1978 2238 2060; x_wconf 77' lang='lat' dir='ltr'>refo-</span> 
     </span>
     <span class='ocr_line' id='line_1_19' title="bbox 234 2060 2238 2148; baseline -0.001 -16"><span class='ocrx_word' id='word_1_255' title='bbox 234 2070 401 2148; x_wconf 80' lang='lat' dir='ltr'>ontequam</span> <span class='ocrx_word' id='word_1_256' title='bbox 426 2064 532 2146; x_wconf 65' lang='lat' dir='ltr'>pinnis</span> <span class='ocrx_word' id='word_1_257' title='bbox 558 2065 748 2132; x_wconf 71' lang='lat' dir='ltr'>damnastis</span> <span class='ocrx_word' id='word_1_258' title='bbox 770 2083 839 2129; x_wconf 87' lang='lat' dir='ltr'>eam</span> <span class='ocrx_word' id='word_1_259' title='bbox 860 2068 1006 2147; x_wconf 71' lang='lat' dir='ltr'>expertus</span> <span class='ocrx_word' id='word_1_260' title='bbox 1026 2068 1117 2130; x_wconf 86' lang='lat' dir='ltr'>esset:</span> <span class='ocrx_word' id='word_1_261' title='bbox 1148 2082 1211 2129; x_wconf 89' lang='lat' dir='ltr'>me·</span> <span class='ocrx_word' id='word_1_262' title='bbox 1262 2063 1338 2131; x_wconf 83' lang='lat' dir='ltr'>eilta</span> <span class='ocrx_word' id='word_1_263' title='bbox 1365 2080 1434 2127; x_wconf 87' lang='lat' dir='ltr'>rnea</span> <span class='ocrx_word' id='word_1_264' title='bbox 1458 2061 1579 2127; x_wconf 76' lang='lat' dir='ltr'>oisemo</span> <span class='ocrx_word' id='word_1_265' title='bbox 1599 2060 1636 2125; x_wconf 91' lang='lat' dir='ltr'>in</span> <span class='ocrx_word' id='word_1_266' title='bbox 1655 2060 1803 2128; x_wconf 87' lang='lat' dir='ltr'>Domino.</span> <span class='ocrx_word' id='word_1_267' title='bbox 1847 2062 1899 2128; x_wconf 92' lang='grc'>21.</span> <span class='ocrx_word' id='word_1_268' title='bbox 1923 2061 2104 2130; x_wconf 84' lang='lat' dir='ltr'>Persuasrrs</span> <span class='ocrx_word' id='word_1_269' title='bbox 2124 2064 2162 2130; x_wconf 87' lang='lat' dir='ltr'>de</span> <span class='ocrx_word' id='word_1_270' title='bbox 2183 2068 2238 2129; x_wconf 90' lang='lat' dir='ltr'>tuo</span> 
     </span>
     <span class='ocr_line' id='line_1_20' title="bbox 233 2144 2238 2235; baseline -0.001 -18"><span class='ocrx_word' id='word_1_271' title='bbox 233 2149 384 2217; x_wconf 63' lang='lat' dir='ltr'>meroide</span> <span class='ocrx_word' id='word_1_272' title='bbox 403 2150 611 2232; x_wconf 73' lang='lat' dir='ltr'>poenitentiae</span> <span class='ocrx_word' id='word_1_273' title='bbox 631 2152 784 2235; x_wconf 73' lang='lat' dir='ltr'>specimen</span> <span class='ocrx_word' id='word_1_274' title='bbox 804 2149 892 2215; x_wconf 83' lang='lat' dir='ltr'>nobis</span> <span class='ocrx_word' id='word_1_275' title='bbox 913 2151 948 2216; x_wconf 90' lang='lat' dir='ltr'>in</span> <span class='ocrx_word' id='word_1_276' title='bbox 973 2150 1119 2218; x_wconf 84' lang='lat' dir='ltr'>Onesinm</span> <span class='ocrx_word' id='word_1_277' title='bbox 1133 2169 1210 2232; x_wconf 86' lang='lat' dir='ltr'>pro·</span> <span class='ocrx_word' id='word_1_278' title='bbox 1264 2148 1437 2215; x_wconf 85' lang='lat' dir='ltr'>ohedientia</span> <span class='ocrx_word' id='word_1_279' title='bbox 1464 2145 1581 2230; x_wconf 76' lang='lat' dir='ltr'>scripsi</span> <span class='ocrx_word' id='word_1_280' title='bbox 1608 2144 1679 2230; x_wconf 80' lang='lat' dir='ltr'>tihi,</span> <span class='ocrx_word' id='word_1_281' title='bbox 1712 2147 1813 2213; x_wconf 88' lang='lat' dir='ltr'>soiens</span> <span class='ocrx_word' id='word_1_282' title='bbox 1840 2149 1934 2214; x_wconf 87' lang='lat' dir='ltr'>etiam</span> <span class='ocrx_word' id='word_1_283' title='bbox 1963 2149 2047 2232; x_wconf 79' lang='lat' dir='ltr'>quod</span> <span class='ocrx_word' id='word_1_284' title='bbox 2073 2171 2175 2234; x_wconf 77' lang='lat' dir='ltr'>mpra</span> <span class='ocrx_word' id='word_1_285' title='bbox 2203 2149 2238 2215; x_wconf 84' lang='lat' dir='ltr'>id</span> 
     </span>
     <span class='ocr_line' id='line_1_21' title="bbox 228 2231 2238 2322; baseline -0.001 -19"><span class='ocrx_word' id='word_1_286' title='bbox 228 2236 371 2320; x_wconf 78' lang='lat' dir='ltr'>ponitrrr.</span> <span class='ocrx_word' id='word_1_287' title='bbox 407 2234 515 2303; x_wconf 73' lang='lat' dir='ltr'>dcitur</span> <span class='ocrx_word' id='word_1_288' title='bbox 530 2256 626 2319; x_wconf 77' lang='lat' dir='ltr'>quam</span> <span class='ocrx_word' id='word_1_289' title='bbox 635 2257 741 2319; x_wconf 86' lang='lat' dir='ltr'>praua</span> <span class='ocrx_word' id='word_1_290' title='bbox 753 2234 874 2317; x_wconf 79' lang='lat' dir='ltr'>fuerirat</span> <span class='ocrx_word' id='word_1_291' title='bbox 893 2256 1054 2303; x_wconf 86' lang='lat' dir='ltr'>seruorum</span> <span class='ocrx_word' id='word_1_292' title='bbox 1075 2237 1211 2322; x_wconf 81' lang='lat' dir='ltr'>inponis,</span> <span class='ocrx_word' id='word_1_293' title='bbox 1263 2235 1347 2318; x_wconf 74' lang='lat' dir='ltr'>quod</span> <span class='ocrx_word' id='word_1_294' title='bbox 1373 2231 1483 2314; x_wconf 78' lang='lat' dir='ltr'>saida,</span> <span class='ocrx_word' id='word_1_295' title='bbox 1510 2232 1655 2315; x_wconf 76' lang='lat' dir='ltr'>fauturus</span> <span class='ocrx_word' id='word_1_296' title='bbox 1682 2234 1738 2299; x_wconf 87' lang='lat' dir='ltr'>sis.</span> <span class='ocrx_word' id='word_1_297' title='bbox 1782 2233 1836 2299; x_wconf 89' lang='grc'>22.</span> <span class='ocrx_word' id='word_1_298' title='bbox 1860 2233 1965 2301; x_wconf 79' lang='lat' dir='ltr'>Simul</span> <span class='ocrx_word' id='word_1_299' title='bbox 1986 2256 2057 2302; x_wconf 88' lang='lat' dir='ltr'>nero</span> <span class='ocrx_word' id='word_1_300' title='bbox 2072 2255 2238 2319; x_wconf 82' lang='lat' dir='ltr'>praepara</span> 
     </span>
     <span class='ocr_line' id='line_1_22' title="bbox 232 2319 2239 2407; baseline 0 -19"><span class='ocrx_word' id='word_1_301' title='bbox 232 2327 270 2388; x_wconf 90' lang='lat' dir='ltr'>ut</span> <span class='ocrx_word' id='word_1_302' title='bbox 296 2323 351 2387; x_wconf 79' lang='lat' dir='ltr'>ain</span> <span class='ocrx_word' id='word_1_303' title='bbox 376 2322 559 2388; x_wconf 73' lang='lat' dir='ltr'>arruesimus</span> <span class='ocrx_word' id='word_1_304' title='bbox 579 2323 711 2407; x_wconf 77' lang='lat' dir='ltr'>quisque</span> <span class='ocrx_word' id='word_1_305' title='bbox 732 2323 775 2389; x_wconf 82' lang='lat' dir='ltr'>ad</span> <span class='ocrx_word' id='word_1_306' title='bbox 796 2320 908 2388; x_wconf 84' lang='lat' dir='ltr'>hanam</span> <span class='ocrx_word' id='word_1_307' title='bbox 926 2321 1049 2406; x_wconf 64' lang='lat' dir='ltr'>(mern</span> <span class='ocrx_word' id='word_1_308' title='bbox 1070 2341 1212 2406; x_wconf 76' lang='lat' dir='ltr'>unquam</span> <span class='ocrx_word' id='word_1_309' title='bbox 1263 2320 1344 2387; x_wconf 88' lang='lat' dir='ltr'>mihi</span> <span class='ocrx_word' id='word_1_310' title='bbox 1370 2319 1554 2404; x_wconf 73' lang='lat' dir='ltr'>hospitium:</span> <span class='ocrx_word' id='word_1_311' title='bbox 1583 2338 1673 2402; x_wconf 86' lang='lat' dir='ltr'>spera</span> <span class='ocrx_word' id='word_1_312' title='bbox 1701 2319 1784 2385; x_wconf 85' lang='lat' dir='ltr'>enirn</span> <span class='ocrx_word' id='word_1_313' title='bbox 1812 2322 1894 2401; x_wconf 84' lang='lat' dir='ltr'>quod</span> <span class='ocrx_word' id='word_1_314' title='bbox 1923 2322 2015 2386; x_wconf 86' lang='lat' dir='ltr'>etiam</span> <span class='ocrx_word' id='word_1_315' title='bbox 2040 2341 2099 2402; x_wconf 89' lang='lat' dir='ltr'>per</span> <span class='ocrx_word' id='word_1_316' title='bbox 2119 2326 2239 2388; x_wconf 81' lang='lat' dir='ltr'>vestras</span> 
     </span>
     <span class='ocr_line' id='line_1_23' title="bbox 233 2403 2240 2492; baseline -0.001 -16"><span class='ocrx_word' id='word_1_317' title='bbox 233 2409 361 2476; x_wconf 79' lang='lat' dir='ltr'>omtret.</span> <span class='ocrx_word' id='word_1_318' title='bbox 405 2407 481 2473; x_wconf 85' lang='lat' dir='ltr'>lom</span> <span class='ocrx_word' id='word_1_319' title='bbox 501 2427 541 2473; x_wconf 82' lang='lat' dir='ltr'>ea</span> <span class='ocrx_word' id='word_1_320' title='bbox 560 2409 643 2491; x_wconf 74' lang='lat' dir='ltr'>supa</span> <span class='ocrx_word' id='word_1_321' title='bbox 663 2409 811 2475; x_wconf 86' lang='lat' dir='ltr'>ooniiaere</span> <span class='ocrx_word' id='word_1_322' title='bbox 831 2408 910 2489; x_wconf 83' lang='lat' dir='ltr'>iicet,</span> <span class='ocrx_word' id='word_1_323' title='bbox 945 2409 1164 2475; x_wconf 74' lang='lat' dir='ltr'>mansetudine</span> <span class='ocrx_word' id='word_1_324' title='bbox 1183 2412 1211 2473; x_wconf 88' lang='lat' dir='ltr'>et</span> <span class='ocrx_word' id='word_1_325' title='bbox 1258 2408 1452 2491; x_wconf 75' lang='lat' dir='ltr'>precationes</span> <span class='ocrx_word' id='word_1_326' title='bbox 1478 2403 1613 2472; x_wconf 78' lang='lat' dir='ltr'>donabor</span> <span class='ocrx_word' id='word_1_327' title='bbox 1636 2404 1731 2472; x_wconf 87' lang='lat' dir='ltr'>nohis.</span> <span class='ocrx_word' id='word_1_328' title='bbox 1774 2405 1826 2470; x_wconf 85' lang='grc'>23.</span> <span class='ocrx_word' id='word_1_329' title='bbox 1850 2405 1997 2472; x_wconf 71' lang='lat' dir='ltr'>satutant</span> <span class='ocrx_word' id='word_1_330' title='bbox 2016 2411 2045 2473; x_wconf 88' lang='lat' dir='ltr'>te</span> <span class='ocrx_word' id='word_1_331' title='bbox 2066 2406 2240 2492; x_wconf 74' lang='lat' dir='ltr'>Epaphras</span> 
     </span>
     <span class='ocr_line' id='line_1_24' title="bbox 234 2489 2240 2576; baseline -0 -16"><span class='ocrx_word' id='word_1_332' title='bbox 234 2492 540 2560; x_wconf 83' lang='lat' dir='ltr'>hadituodduruisse</span> <span class='ocrx_word' id='word_1_333' title='bbox 558 2493 738 2560; x_wconf 81' lang='lat' dir='ltr'>Onesimum</span> <span class='ocrx_word' id='word_1_334' title='bbox 760 2491 804 2562; x_wconf 81' lang='lat' dir='ltr'>ad</span> <span class='ocrx_word' id='word_1_335' title='bbox 822 2494 989 2560; x_wconf 84' lang='lat' dir='ltr'>maiitiam.</span> <span class='ocrx_word' id='word_1_336' title='bbox 1028 2494 1120 2561; x_wconf 88' lang='lat' dir='ltr'>Rara</span> <span class='ocrx_word' id='word_1_337' title='bbox 1141 2515 1175 2560; x_wconf 86' lang='lat' dir='ltr'>er</span> <span class='ocrx_word' id='word_1_338' title='bbox 1263 2493 1462 2576; x_wconf 77' lang='lat' dir='ltr'>concaptivus</span> <span class='ocrx_word' id='word_1_339' title='bbox 1489 2510 1578 2557; x_wconf 89' lang='lat' dir='ltr'>meus</span> <span class='ocrx_word' id='word_1_340' title='bbox 1602 2491 1640 2556; x_wconf 85' lang='lat' dir='ltr'>in</span> <span class='ocrx_word' id='word_1_341' title='bbox 1659 2489 1782 2558; x_wconf 78' lang='lat' dir='ltr'>Christo</span> <span class='ocrx_word' id='word_1_342' title='bbox 1803 2493 1889 2574; x_wconf 86' lang='lat' dir='ltr'>Iesu,</span> <span class='ocrx_word' id='word_1_343' title='bbox 1921 2492 1974 2560; x_wconf 68' lang='lat'>24„</span> <span class='ocrx_word' id='word_1_344' title='bbox 1997 2492 2140 2576; x_wconf 82' lang='lat' dir='ltr'>Maroae,</span> <span class='ocrx_word' id='word_1_345' title='bbox 2162 2493 2240 2559; x_wconf 82' lang='lat' dir='ltr'>Ari·</span> 
     </span>
     <span class='ocr_line' id='line_1_25' title="bbox 236 2513 2240 2665; baseline -0.001 -18"><span class='ocrx_word' id='word_1_346' title='bbox 236 2584 266 2647; x_wconf 93' lang='lat' dir='ltr'>et</span> <span class='ocrx_word' id='word_1_347' title='bbox 292 2578 493 2647; x_wconf 80' lang='lat' dir='ltr'>admirahdis</span> <span class='ocrx_word' id='word_1_348' title='bbox 518 2579 628 2664; x_wconf 84' lang='lat' dir='ltr'>uirtus,</span> <span class='ocrx_word' id='word_1_349' title='bbox 661 2582 708 2648; x_wconf 91' lang='lat' dir='ltr'>sio</span> <span class='ocrx_word' id='word_1_350' title='bbox 734 2584 858 2665; x_wconf 82' lang='lat' dir='ltr'>repente</span> <span class='ocrx_word' id='word_1_351' title='bbox 885 2599 998 2646; x_wconf 81' lang='lat' dir='ltr'>enuere</span> <span class='ocrx_word' id='word_1_352' title='bbox 1023 2602 1103 2664; x_wconf 76' lang='lat' dir='ltr'>quoe</span> <span class='ocrx_word' id='word_1_353' title='bbox 1122 2513 1212 2648; x_wconf 52' lang='lat' dir='ltr'>mig</span> <span class='ocrx_word' id='word_1_354' title='bbox 1264 2579 1417 2662; x_wconf 85' lang='lat' dir='ltr'>starohus,</span> <span class='ocrx_word' id='word_1_355' title='bbox 1445 2575 1575 2656; x_wconf 84' lang='lat' dir='ltr'>Demos,</span> <span class='ocrx_word' id='word_1_356' title='bbox 1605 2577 1711 2643; x_wconf 76' lang='lat' dir='ltr'>Imm</span> <span class='ocrx_word' id='word_1_357' title='bbox 1735 2579 1908 2663; x_wconf 84' lang='lat' dir='ltr'>cooperarii</span> <span class='ocrx_word' id='word_1_358' title='bbox 1927 2580 1998 2644; x_wconf 87' lang='lat' dir='ltr'>mei.</span> <span class='ocrx_word' id='word_1_359' title='bbox 2042 2579 2096 2645; x_wconf 76' lang='grc'>25.</span> <span class='ocrx_word' id='word_1_360' title='bbox 2119 2577 2240 2645; x_wconf 77' lang='lat' dir='ltr'>Gratia</span> 
     </span>
     <span class='ocr_line' id='line_1_26' title="bbox 234 2662 2238 2749; baseline -0.002 -17"><span class='ocrx_word' id='word_1_361' title='bbox 234 2665 321 2732; x_wconf 83' lang='lat' dir='ltr'>derat</span> <span class='ocrx_word' id='word_1_362' title='bbox 335 2665 424 2749; x_wconf 83' lang='lat' dir='ltr'>uitia,</span> <span class='ocrx_word' id='word_1_363' title='bbox 446 2669 481 2730; x_wconf 93' lang='lat' dir='ltr'>ut</span> <span class='ocrx_word' id='word_1_364' title='bbox 493 2685 563 2732; x_wconf 86' lang='lat' dir='ltr'>uere</span> <span class='ocrx_word' id='word_1_365' title='bbox 584 2668 693 2733; x_wconf 87' lang='lat' dir='ltr'>testari</span> <span class='ocrx_word' id='word_1_366' title='bbox 710 2669 812 2749; x_wconf 90' lang='lat' dir='ltr'>possit</span> <span class='ocrx_word' id='word_1_367' title='bbox 831 2667 1002 2748; x_wconf 82' lang='lat' dir='ltr'>apostotus,</span> <span class='ocrx_word' id='word_1_368' title='bbox 1022 2669 1090 2732; x_wconf 89' lang='lat' dir='ltr'>iam</span> <span class='ocrx_word' id='word_1_369' title='bbox 1110 2669 1212 2734; x_wconf 84' lang='lat' dir='ltr'>atium</span> <span class='ocrx_word' id='word_1_370' title='bbox 1264 2664 1401 2733; x_wconf 80' lang='lat' dir='ltr'>Domini</span> <span class='ocrx_word' id='word_1_371' title='bbox 1414 2663 1515 2730; x_wconf 87' lang='lat' dir='ltr'>nostri</span> <span class='ocrx_word' id='word_1_372' title='bbox 1530 2662 1606 2730; x_wconf 89' lang='lat' dir='ltr'>Iesu</span> <span class='ocrx_word' id='word_1_373' title='bbox 1622 2662 1743 2731; x_wconf 80' lang='lat' dir='ltr'>Christi</span> <span class='ocrx_word' id='word_1_374' title='bbox 1756 2685 1827 2731; x_wconf 89' lang='lat' dir='ltr'>aurn</span> <span class='ocrx_word' id='word_1_375' title='bbox 1844 2665 1960 2748; x_wconf 81' lang='lat' dir='ltr'>spiritu</span> <span class='ocrx_word' id='word_1_376' title='bbox 1980 2670 2089 2732; x_wconf 88' lang='lat' dir='ltr'>uestro.</span> <span class='ocrx_word' id='word_1_377' title='bbox 2125 2664 2238 2731; x_wconf 75' lang='lat' dir='ltr'>Amara</span> 
     </span>
     <span class='ocr_line' id='line_1_27' title="bbox 233 2750 1213 2836; baseline 0.003 -19"><span class='ocrx_word' id='word_1_378' title='bbox 233 2750 388 2817; x_wconf 88' lang='lat' dir='ltr'>hominem</span> <span class='ocrx_word' id='word_1_379' title='bbox 416 2769 482 2817; x_wconf 88' lang='lat' dir='ltr'>esse</span> <span class='ocrx_word' id='word_1_380' title='bbox 507 2751 638 2834; x_wconf 74' lang='lat' dir='ltr'>saetam.</span> <span class='ocrx_word' id='word_1_381' title='bbox 681 2751 736 2817; x_wconf 82' lang='lat' dir='ltr'>Ea</span> <span class='ocrx_word' id='word_1_382' title='bbox 764 2753 867 2819; x_wconf 85' lang='lat' dir='ltr'>eodem</span> <span class='ocrx_word' id='word_1_383' title='bbox 892 2753 978 2836; x_wconf 74' lang='lat' dir='ltr'>sonte</span> <span class='ocrx_word' id='word_1_384' title='bbox 1001 2752 1091 2820; x_wconf 86' lang='lat' dir='ltr'>nohis</span> <span class='ocrx_word' id='word_1_385' title='bbox 1111 2755 1213 2820; x_wconf 79' lang='lat' dir='ltr'>oritm</span> 
     </span>
     <span class='ocr_line' id='line_1_28' title="bbox 234 2832 2241 2922; baseline 0 -19"><span class='ocrx_word' id='word_1_386' title='bbox 234 2837 328 2903; x_wconf 84' lang='lat' dir='ltr'>utitis</span> <span class='ocrx_word' id='word_1_387' title='bbox 355 2836 506 2922; x_wconf 84' lang='lat' dir='ltr'>dootrina,</span> <span class='ocrx_word' id='word_1_388' title='bbox 534 2837 600 2905; x_wconf 87' lang='lat' dir='ltr'>Dei</span> <span class='ocrx_word' id='word_1_389' title='bbox 621 2838 727 2905; x_wconf 79' lang='lat' dir='ltr'>eleetos</span> <span class='ocrx_word' id='word_1_390' title='bbox 747 2839 904 2905; x_wconf 81' lang='lat' dir='ltr'>interdurn</span> <span class='ocrx_word' id='word_1_391' title='bbox 925 2839 1015 2906; x_wconf 88' lang='lat' dir='ltr'>modo</span> <span class='ocrx_word' id='word_1_392' title='bbox 1035 2839 1214 2906; x_wconf 81' lang='lat' dir='ltr'>inorediditi</span> <span class='ocrx_word' id='word_1_393' title='bbox 1351 2837 1404 2904; x_wconf 92' lang='grc'>20.</span> <span class='ocrx_word' id='word_1_394' title='bbox 1434 2832 1521 2903; x_wconf 78' lang='lat' dir='ltr'>Gerre</span> <span class='ocrx_word' id='word_1_395' title='bbox 1550 2838 1662 2919; x_wconf 75' lang='lat' dir='ltr'>frater.</span> <span class='ocrx_word' id='word_1_396' title='bbox 1707 2836 1796 2905; x_wconf 86' lang='lat' dir='ltr'>Haeo</span> <span class='ocrx_word' id='word_1_397' title='bbox 1818 2838 1988 2922; x_wconf 71' lang='lat' dir='ltr'>affirmatio</span> <span class='ocrx_word' id='word_1_398' title='bbox 2019 2837 2063 2904; x_wconf 82' lang='lat' dir='ltr'>ad</span> <span class='ocrx_word' id='word_1_399' title='bbox 2094 2836 2241 2904; x_wconf 76' lang='lat' dir='ltr'>mmmt</span> 
     </span>
     <span class='ocr_line' id='line_1_29' title="bbox 231 2923 2241 3010; baseline 0.001 -22"><span class='ocrx_word' id='word_1_400' title='bbox 231 2927 360 3007; x_wconf 83' lang='lat' dir='ltr'>praeter</span> <span class='ocrx_word' id='word_1_401' title='bbox 374 2942 566 2989; x_wconf 83' lang='lat' dir='ltr'>communem</span> <span class='ocrx_word' id='word_1_402' title='bbox 582 2943 710 2990; x_wconf 87' lang='lat' dir='ltr'>sensum</span> <span class='ocrx_word' id='word_1_403' title='bbox 718 2927 951 3008; x_wconf 78' lang='lat' dir='ltr'>perflenuosas</span> <span class='ocrx_word' id='word_1_404' title='bbox 971 2924 1127 3010; x_wconf 83' lang='lat' dir='ltr'>amhupes,</span> <span class='ocrx_word' id='word_1_405' title='bbox 1149 2927 1214 2992; x_wconf 90' lang='lat' dir='ltr'>imo</span> <span class='ocrx_word' id='word_1_406' title='bbox 1264 2923 1487 2995; x_wconf 65' lang='lat' dir='ltr'>vehementiam</span> <span class='ocrx_word' id='word_1_407' title='bbox 1499 2924 1607 3005; x_wconf 87' lang='lat' dir='ltr'>posita</span> <span class='ocrx_word' id='word_1_408' title='bbox 1624 2930 1678 2992; x_wconf 90' lang='lat' dir='ltr'>est.</span> <span class='ocrx_word' id='word_1_409' title='bbox 1714 2926 1763 2991; x_wconf 81' lang='lat' dir='ltr'>Ae</span> <span class='ocrx_word' id='word_1_410' title='bbox 1783 2925 1814 2990; x_wconf 90' lang='lat' dir='ltr'>si</span> <span class='ocrx_word' id='word_1_411' title='bbox 1835 2924 1980 2991; x_wconf 71' lang='lat' dir='ltr'>elisisset:</span> <span class='ocrx_word' id='word_1_412' title='bbox 2002 2928 2074 2990; x_wconf 88' lang='lat' dir='ltr'>tune</span> <span class='ocrx_word' id='word_1_413' title='bbox 2095 2923 2241 2990; x_wconf 82' lang='lat' dir='ltr'>oonstahit</span> 
     </span>
     <span class='ocr_line' id='line_1_30' title="bbox 230 3007 2242 3094; baseline 0 -18"><span class='ocrx_word' id='word_1_414' title='bbox 230 3029 293 3092; x_wconf 89' lang='lat' dir='ltr'>per</span> <span class='ocrx_word' id='word_1_415' title='bbox 316 3007 509 3093; x_wconf 72' lang='lat' dir='ltr'>labyrinthos</span> <span class='ocrx_word' id='word_1_416' title='bbox 538 3009 744 3078; x_wconf 74' lang='lat' dir='ltr'>adsalutem</span> <span class='ocrx_word' id='word_1_417' title='bbox 770 3012 896 3079; x_wconf 74' lang='lat' dir='ltr'>adduci.</span> <span class='ocrx_word' id='word_1_418' title='bbox 947 3011 1074 3078; x_wconf 79' lang='lat' dir='ltr'>Vivebat</span> <span class='ocrx_word' id='word_1_419' title='bbox 1102 3012 1214 3079; x_wconf 89' lang='lat' dir='ltr'>Onesi-</span> <span class='ocrx_word' id='word_1_420' title='bbox 1264 3015 1396 3088; x_wconf 77' lang='lat' dir='ltr'>demum</span> <span class='ocrx_word' id='word_1_421' title='bbox 1425 3010 1508 3077; x_wconf 77' lang='lat' dir='ltr'>nihd</span> <span class='ocrx_word' id='word_1_422' title='bbox 1535 3030 1627 3078; x_wconf 88' lang='lat' dir='ltr'>ame</span> <span class='ocrx_word' id='word_1_423' title='bbox 1645 3012 1702 3078; x_wconf 82' lang='lat' dir='ltr'>tihi</span> <span class='ocrx_word' id='word_1_424' title='bbox 1722 3016 1900 3094; x_wconf 87' lang='lat' dir='ltr'>separatum</span> <span class='ocrx_word' id='word_1_425' title='bbox 1921 3030 1995 3092; x_wconf 89' lang='lat' dir='ltr'>esse,</span> <span class='ocrx_word' id='word_1_426' title='bbox 2025 3012 2104 3093; x_wconf 76' lang='lat' dir='ltr'>puin</span> <span class='ocrx_word' id='word_1_427' title='bbox 2125 3011 2242 3093; x_wconf 80' lang='lat' dir='ltr'>etipse</span> 
     </span>
     <span class='ocr_line' id='line_1_31' title="bbox 234 3095 2242 3184; baseline 0 -24"><span class='ocrx_word' id='word_1_428' title='bbox 234 3113 306 3160; x_wconf 76' lang='lat' dir='ltr'>mous</span> <span class='ocrx_word' id='word_1_429' title='bbox 326 3096 364 3161; x_wconf 88' lang='lat' dir='ltr'>in</span> <span class='ocrx_word' id='word_1_430' title='bbox 383 3095 472 3162; x_wconf 85' lang='lat' dir='ltr'>dono</span> <span class='ocrx_word' id='word_1_431' title='bbox 491 3096 551 3177; x_wconf 88' lang='lat' dir='ltr'>pia</span> <span class='ocrx_word' id='word_1_432' title='bbox 571 3101 601 3161; x_wconf 85' lang='lat' dir='ltr'>et</span> <span class='ocrx_word' id='word_1_433' title='bbox 620 3101 743 3163; x_wconf 75' lang='lat' dir='ltr'>sanda:</span> <span class='ocrx_word' id='word_1_434' title='bbox 764 3098 838 3165; x_wconf 83' lang='lat' dir='ltr'>inde</span> <span class='ocrx_word' id='word_1_435' title='bbox 858 3097 929 3164; x_wconf 91' lang='lat' dir='ltr'>suis</span> <span class='ocrx_word' id='word_1_436' title='bbox 942 3097 1105 3179; x_wconf 71' lang='lat' dir='ltr'>maleficiis</span> <span class='ocrx_word' id='word_1_437' title='bbox 1125 3098 1213 3164; x_wconf 80' lang='lat' dir='ltr'>emd-</span> <span class='ocrx_word' id='word_1_438' title='bbox 1264 3099 1346 3166; x_wconf 89' lang='lat' dir='ltr'>mihi</span> <span class='ocrx_word' id='word_1_439' title='bbox 1358 3117 1429 3163; x_wconf 86' lang='lat' dir='ltr'>aere</span> <span class='ocrx_word' id='word_1_440' title='bbox 1442 3097 1490 3162; x_wconf 85' lang='lat' dir='ltr'>sis</span> <span class='ocrx_word' id='word_1_441' title='bbox 1510 3095 1664 3184; x_wconf 84' lang='lat' dir='ltr'>uddiatus,</span> <span class='ocrx_word' id='word_1_442' title='bbox 1684 3103 1713 3165; x_wconf 91' lang='lat' dir='ltr'>et</span> <span class='ocrx_word' id='word_1_443' title='bbox 1733 3102 1789 3164; x_wconf 90' lang='lat' dir='ltr'>tua</span> <span class='ocrx_word' id='word_1_444' title='bbox 1809 3098 1913 3162; x_wconf 82' lang='lat' dir='ltr'>munio</span> <span class='ocrx_word' id='word_1_445' title='bbox 1934 3099 1997 3162; x_wconf 87' lang='lat' dir='ltr'>mei</span> <span class='ocrx_word' id='word_1_446' title='bbox 2017 3096 2146 3163; x_wconf 81' lang='lat' dir='ltr'>arbitrii</span> <span class='ocrx_word' id='word_1_447' title='bbox 2167 3097 2242 3182; x_wconf 86' lang='lat' dir='ltr'>sint,</span> 
     </span>
     <span class='ocr_line' id='line_1_32' title="bbox 381 3289 2120 3336; baseline 0.001 -5"><span class='ocrx_word' id='word_1_448' title='bbox 381 3318 388 3331; x_wconf 91' lang='lat'>.</span> <span class='ocrx_word' id='word_1_449' title='bbox 519 3289 534 3332; x_wconf 83' lang='lat' dir='ltr'>r</span> <span class='ocrx_word' id='word_1_450' title='bbox 754 3290 823 3335; x_wconf 85' lang='lat' dir='ltr'>erus</span> <span class='ocrx_word' id='word_1_451' title='bbox 925 3290 958 3335; x_wconf 91' lang='lat' dir='ltr'>m</span> <span class='ocrx_word' id='word_1_452' title='bbox 1014 3290 1069 3336; x_wconf 75' lang='lat' dir='ltr'>eros</span> <span class='ocrx_word' id='word_1_453' title='bbox 1507 3318 1514 3334; x_wconf 90' lang='lat'><strong>.</strong></span> <span class='ocrx_word' id='word_1_454' title='bbox 1583 3290 1600 3336; x_wconf 90' lang='lat' dir='ltr'>e</span> <span class='ocrx_word' id='word_1_455' title='bbox 1744 3291 1764 3334; x_wconf 94' lang='lat' dir='ltr'>r</span> <span class='ocrx_word' id='word_1_456' title='bbox 2105 3289 2120 3332; x_wconf 82' lang='lat' dir='ltr'>r</span> 
     </span>
     <span class='ocr_line' id='line_1_33' title="bbox 232 3288 2237 3441; baseline 0.001 -24"><span class='ocrx_word' id='word_1_457' title='bbox 232 3353 434 3435; x_wconf 82' lang='lat' dir='ltr'>prouidentia</span> <span class='ocrx_word' id='word_1_458' title='bbox 454 3288 640 3420; x_wconf 59' lang='lat' dir='ltr'>mqiiabumr</span> <span class='ocrx_word' id='word_1_459' title='bbox 659 3354 782 3441; x_wconf 85' lang='lat' dir='ltr'>diripit,</span> <span class='ocrx_word' id='word_1_460' title='bbox 810 3361 846 3421; x_wconf 92' lang='lat' dir='ltr'>ut</span> <span class='ocrx_word' id='word_1_461' title='bbox 863 3291 1065 3423; x_wconf 39' lang='grc' dir='ltr'>ία’,νξαΡααῑανα</span> <span class='ocrx_word' id='word_1_462' title='bbox 1085 3355 1214 3422; x_wconf 74' lang='lat' dir='ltr'>mma</span> <span class='ocrx_word' id='word_1_463' title='bbox 1265 3292 1513 3425; x_wconf 48' lang='lat' dir='ltr'>marmorum</span> <span class='ocrx_word' id='word_1_464' title='bbox 1533 3289 1825 3438; x_wconf 54' lang='lat' dir='ltr'>refocillarioerie.</span> <span class='ocrx_word' id='word_1_465' title='bbox 1866 3353 1953 3422; x_wconf 85' lang='lat' dir='ltr'>Hine</span> <span class='ocrx_word' id='word_1_466' title='bbox 1970 3375 2039 3421; x_wconf 89' lang='lat' dir='ltr'>uero</span> <span class='ocrx_word' id='word_1_467' title='bbox 2054 3288 2237 3437; x_wconf 58' lang='lat' dir='ltr'>eollipimus,</span> 
     </span>
     <span class='ocr_line' id='line_1_34' title="bbox 326 3436 2241 3527; baseline 0.003 -27"><span class='ocrx_word' id='word_1_468' title='bbox 326 3436 377 3504; x_wconf 80' lang='lat'>17.</span> <span class='ocrx_word' id='word_1_469' title='bbox 402 3437 441 3505; x_wconf 75' lang='lat' dir='ltr'>st</span> <span class='ocrx_word' id='word_1_470' title='bbox 469 3457 540 3522; x_wconf 85' lang='lat' dir='ltr'>erpo</span> <span class='ocrx_word' id='word_1_471' title='bbox 565 3459 614 3506; x_wconf 90' lang='lat' dir='ltr'>me</span> <span class='ocrx_word' id='word_1_472' title='bbox 634 3439 730 3507; x_wconf 84' lang='lat' dir='ltr'>hahes</span> <span class='ocrx_word' id='word_1_473' title='bbox 750 3447 922 3509; x_wconf 90' lang='lat' dir='ltr'>aonsortem.</span> <span class='ocrx_word' id='word_1_474' title='bbox 965 3442 1032 3508; x_wconf 93' lang='lat' dir='ltr'>Hio</span> <span class='ocrx_word' id='word_1_475' title='bbox 1053 3462 1088 3508; x_wconf 83' lang='lat' dir='ltr'>ae</span> <span class='ocrx_word' id='word_1_476' title='bbox 1109 3443 1215 3526; x_wconf 81' lang='lat' dir='ltr'>magia</span> <span class='ocrx_word' id='word_1_477' title='bbox 1263 3445 1326 3527; x_wconf 69' lang='lat' dir='ltr'>fide</span> <span class='ocrx_word' id='word_1_478' title='bbox 1347 3441 1500 3526; x_wconf 79' lang='lat' dir='ltr'>eumrpeiii</span> <span class='ocrx_word' id='word_1_479' title='bbox 1519 3461 1581 3507; x_wconf 90' lang='lat' dir='ltr'>non</span> <span class='ocrx_word' id='word_1_480' title='bbox 1601 3443 1695 3508; x_wconf 80' lang='lat' dir='ltr'>everti</span> <span class='ocrx_word' id='word_1_481' title='bbox 1710 3440 1875 3521; x_wconf 80' lang='lat' dir='ltr'>politicum</span> <span class='ocrx_word' id='word_1_482' title='bbox 1896 3441 2045 3519; x_wconf 81' lang='lat' dir='ltr'>ordinem,</span> <span class='ocrx_word' id='word_1_483' title='bbox 2070 3459 2165 3522; x_wconf 76' lang='lat' dir='ltr'>neque</span> <span class='ocrx_word' id='word_1_484' title='bbox 2184 3439 2241 3505; x_wconf 84' lang='lat' dir='ltr'>ius</span> 
     </span>
     <span class='ocr_line' id='line_1_35' title="bbox 236 3520 2244 3611; baseline 0 -23"><span class='ocrx_word' id='word_1_485' title='bbox 236 3520 344 3588; x_wconf 88' lang='lat' dir='ltr'>adhue</span> <span class='ocrx_word' id='word_1_486' title='bbox 372 3523 544 3604; x_wconf 83' lang='lat' dir='ltr'>submittit,</span> <span class='ocrx_word' id='word_1_487' title='bbox 566 3525 706 3610; x_wconf 80' lang='lat' dir='ltr'>fugitivo</span> <span class='ocrx_word' id='word_1_488' title='bbox 726 3528 780 3595; x_wconf 86' lang='lat' dir='ltr'>ius</span> <span class='ocrx_word' id='word_1_489' title='bbox 800 3527 1024 3611; x_wconf 86' lang='lat' dir='ltr'>honoremque</span> <span class='ocrx_word' id='word_1_490' title='bbox 1046 3546 1140 3593; x_wconf 86' lang='lat' dir='ltr'>suum</span> <span class='ocrx_word' id='word_1_491' title='bbox 1163 3548 1214 3592; x_wconf 85' lang='lat' dir='ltr'>re·</span> <span class='ocrx_word' id='word_1_492' title='bbox 1266 3550 1304 3596; x_wconf 91' lang='lat' dir='ltr'>ae</span> <span class='ocrx_word' id='word_1_493' title='bbox 1318 3529 1486 3610; x_wconf 87' lang='lat' dir='ltr'>imperium</span> <span class='ocrx_word' id='word_1_494' title='bbox 1499 3529 1650 3611; x_wconf 82' lang='lat' dir='ltr'>adrapari</span> <span class='ocrx_word' id='word_1_495' title='bbox 1663 3526 1801 3593; x_wconf 83' lang='lat' dir='ltr'>dominis</span> <span class='ocrx_word' id='word_1_496' title='bbox 1821 3529 1857 3592; x_wconf 88' lang='lat' dir='ltr'>in</span> <span class='ocrx_word' id='word_1_497' title='bbox 1878 3547 1992 3593; x_wconf 86' lang='lat' dir='ltr'>sernas.</span> <span class='ocrx_word' id='word_1_498' title='bbox 2030 3526 2139 3609; x_wconf 77' lang='lat' dir='ltr'>Neque</span> <span class='ocrx_word' id='word_1_499' title='bbox 2159 3525 2244 3590; x_wconf 86' lang='lat' dir='ltr'>enirn</span> 
     </span>
     <span class='ocr_line' id='line_1_36' title="bbox 237 3607 2244 3781; baseline 0.002 -23"><span class='ocrx_word' id='word_1_500' title='bbox 237 3607 1214 3780; x_wconf 53' lang='lat' dir='ltr'>tt:tta,teti,ttettttttttttttn·</span> <span class='ocrx_word' id='word_1_501' title='bbox 1265 3609 2244 3781; x_wconf 51' lang='lat' dir='ltr'>hiishmiihkiinfflhiihiiw</span> 
     </span>
     <span class='ocr_line' id='line_1_37' title="bbox 236 3721 2243 3869; baseline 0.001 -24"><span class='ocrx_word' id='word_1_502' title='bbox 236 3778 311 3845; x_wconf 90' lang='lat' dir='ltr'>oiot.</span> <span class='ocrx_word' id='word_1_503' title='bbox 345 3779 460 3865; x_wconf 78' lang='lat' dir='ltr'>Magni</span> <span class='ocrx_word' id='word_1_504' title='bbox 484 3782 572 3847; x_wconf 92' lang='lat' dir='ltr'>enim</span> <span class='ocrx_word' id='word_1_505' title='bbox 596 3721 766 3866; x_wconf 54' lang='lat' dir='ltr'>reterehai),</span> <span class='ocrx_word' id='word_1_506' title='bbox 789 3784 946 3853; x_wconf 79' lang='lat' dir='ltr'>Onesimo</span> <span class='ocrx_word' id='word_1_507' title='bbox 969 3783 1160 3869; x_wconf 84' lang='lat' dir='ltr'>planabiiem</span> <span class='ocrx_word' id='word_1_508' title='bbox 1181 3788 1216 3850; x_wconf 87' lang='lat' dir='ltr'>et</span> <span class='ocrx_word' id='word_1_509' title='bbox 1265 3787 1352 3855; x_wconf 86' lang='lat' dir='ltr'>natio</span> <span class='ocrx_word' id='word_1_510' title='bbox 1378 3786 1412 3852; x_wconf 88' lang='lat' dir='ltr'>in</span> <span class='ocrx_word' id='word_1_511' title='bbox 1433 3805 1559 3852; x_wconf 85' lang='lat' dir='ltr'>seruum</span> <span class='ocrx_word' id='word_1_512' title='bbox 1578 3805 1660 3869; x_wconf 78' lang='lat' dir='ltr'>quae</span> <span class='ocrx_word' id='word_1_513' title='bbox 1682 3785 1800 3869; x_wconf 78' lang='lat' dir='ltr'>tepidus</span> <span class='ocrx_word' id='word_1_514' title='bbox 1815 3786 1974 3868; x_wconf 86' lang='lat' dir='ltr'>permissa</span> <span class='ocrx_word' id='word_1_515' title='bbox 1994 3789 2071 3865; x_wconf 86' lang='lat' dir='ltr'>erat,</span> <span class='ocrx_word' id='word_1_516' title='bbox 2100 3784 2156 3849; x_wconf 87' lang='lat' dir='ltr'>sed</span> <span class='ocrx_word' id='word_1_517' title='bbox 2175 3788 2243 3848; x_wconf 81' lang='lat' dir='ltr'>toro·</span> 
     </span>
     <span class='ocr_line' id='line_1_38' title="bbox 235 3863 2244 3955; baseline 0.002 -24"><span class='ocrx_word' id='word_1_518' title='bbox 235 3863 419 3932; x_wconf 87' lang='lat' dir='ltr'>humanum</span> <span class='ocrx_word' id='word_1_519' title='bbox 448 3887 519 3934; x_wconf 82' lang='lat' dir='ltr'>ease</span> <span class='ocrx_word' id='word_1_520' title='bbox 541 3868 720 3947; x_wconf 85' lang='lat' dir='ltr'>dominum,</span> <span class='ocrx_word' id='word_1_521' title='bbox 752 3893 794 3937; x_wconf 90' lang='lat' dir='ltr'>ne</span> <span class='ocrx_word' id='word_1_522' title='bbox 815 3891 890 3937; x_wconf 92' lang='lat' dir='ltr'>eum</span> <span class='ocrx_word' id='word_1_523' title='bbox 911 3869 1105 3936; x_wconf 85' lang='lat' dir='ltr'>immodious</span> <span class='ocrx_word' id='word_1_524' title='bbox 1126 3871 1215 3954; x_wconf 79' lang='lat' dir='ltr'>rigor</span> <span class='ocrx_word' id='word_1_525' title='bbox 1265 3878 1331 3939; x_wconf 87' lang='lat' dir='ltr'>tum</span> <span class='ocrx_word' id='word_1_526' title='bbox 1344 3870 1521 3938; x_wconf 71' lang='lat' dir='ltr'>humaniter</span> <span class='ocrx_word' id='word_1_527' title='bbox 1534 3871 1612 3938; x_wconf 87' lang='lat' dir='ltr'>data</span> <span class='ocrx_word' id='word_1_528' title='bbox 1632 3872 1724 3938; x_wconf 86' lang='lat' dir='ltr'>uenia</span> <span class='ocrx_word' id='word_1_529' title='bbox 1745 3891 1815 3937; x_wconf 89' lang='lat' dir='ltr'>eurn</span> <span class='ocrx_word' id='word_1_530' title='bbox 1835 3871 1970 3955; x_wconf 81' lang='lat' dir='ltr'>recipere</span> <span class='ocrx_word' id='word_1_531' title='bbox 1990 3868 2123 3938; x_wconf 77' lang='lat' dir='ltr'>iubetur.</span> <span class='ocrx_word' id='word_1_532' title='bbox 2164 3867 2244 3954; x_wconf 25' lang='lat' dir='ltr'>,Ima</span> 
     </span>
     <span class='ocr_line' id='line_1_39' title="bbox 235 3949 2241 4040; baseline 0.002 -24"><span class='ocrx_word' id='word_1_533' title='bbox 235 3949 277 4016; x_wconf 89' lang='lat' dir='ltr'>ad</span> <span class='ocrx_word' id='word_1_534' title='bbox 317 3950 577 4035; x_wconf 80' lang='lat' dir='ltr'>desperationem</span> <span class='ocrx_word' id='word_1_535' title='bbox 613 3955 805 4038; x_wconf 83' lang='lat' dir='ltr'>impelleret.</span> <span class='ocrx_word' id='word_1_536' title='bbox 860 3956 987 4024; x_wconf 87' lang='lat' dir='ltr'>ldoiroo</span> <span class='ocrx_word' id='word_1_537' title='bbox 1020 3967 1088 4021; x_wconf 90' lang='lat' dir='ltr'>tam</span> <span class='ocrx_word' id='word_1_538' title='bbox 1116 3957 1215 4021; x_wconf 86' lang='lat' dir='ltr'>anxie</span> <span class='ocrx_word' id='word_1_539' title='bbox 1265 3958 1452 4040; x_wconf 83' lang='lat' dir='ltr'>suppiiaiter</span> <span class='ocrx_word' id='word_1_540' title='bbox 1472 3959 1656 4040; x_wconf 75' lang='lat' dir='ltr'>dopreootm</span> <span class='ocrx_word' id='word_1_541' title='bbox 1678 3956 1802 4023; x_wconf 83' lang='lat' dir='ltr'>Paulus</span> <span class='ocrx_word' id='word_1_542' title='bbox 1824 3962 1860 4023; x_wconf 91' lang='lat' dir='ltr'>ut</span> <span class='ocrx_word' id='word_1_543' title='bbox 1876 3956 2052 4040; x_wconf 77' lang='lat' dir='ltr'>pristinum</span> <span class='ocrx_word' id='word_1_544' title='bbox 2072 3954 2172 4022; x_wconf 75' lang='lat' dir='ltr'>lanam</span> <span class='ocrx_word' id='word_1_545' title='bbox 2191 3954 2241 4020; x_wconf 82' lang='lat' dir='ltr'>ah</span> 
     </span>
     <span class='ocr_line' id='line_1_40' title="bbox 234 4034 2242 4126; baseline 0.003 -25"><span class='ocrx_word' id='word_1_546' title='bbox 234 4034 363 4103; x_wconf 88' lang='lat' dir='ltr'>laborat</span> <span class='ocrx_word' id='word_1_547' title='bbox 394 4038 530 4107; x_wconf 83' lang='lat' dir='ltr'>Paulus.</span> <span class='ocrx_word' id='word_1_548' title='bbox 584 4041 629 4106; x_wconf 84' lang='lat' dir='ltr'>Et</span> <span class='ocrx_word' id='word_1_549' title='bbox 666 4061 726 4110; x_wconf 82' lang='lat' dir='ltr'>nos</span> <span class='ocrx_word' id='word_1_550' title='bbox 756 4044 828 4110; x_wconf 82' lang='lat' dir='ltr'>eius</span> <span class='ocrx_word' id='word_1_551' title='bbox 859 4041 1010 4126; x_wconf 87' lang='lat' dir='ltr'>exemplo</span> <span class='ocrx_word' id='word_1_552' title='bbox 1042 4061 1214 4111; x_wconf 85' lang='lat' dir='ltr'>monemur</span> <span class='ocrx_word' id='word_1_553' title='bbox 1264 4045 1371 4110; x_wconf 88' lang='lat' dir='ltr'>tineat.</span> <span class='ocrx_word' id='word_1_554' title='bbox 1410 4040 1512 4111; x_wconf 90' lang='lat' dir='ltr'>Porro</span> <span class='ocrx_word' id='word_1_555' title='bbox 1528 4048 1594 4109; x_wconf 87' lang='lat' dir='ltr'>tarn</span> <span class='ocrx_word' id='word_1_556' title='bbox 1613 4042 1770 4110; x_wconf 76' lang='lat' dir='ltr'>miniosa</span> <span class='ocrx_word' id='word_1_557' title='bbox 1789 4041 1887 4109; x_wconf 82' lang='lat' dir='ltr'>Pauli</span> <span class='ocrx_word' id='word_1_558' title='bbox 1906 4041 2079 4125; x_wconf 83' lang='lat' dir='ltr'>depreeatio</span> <span class='ocrx_word' id='word_1_559' title='bbox 2098 4041 2242 4108; x_wconf 84' lang='lat' dir='ltr'>admonet</span> 
     </span>
     <span class='ocr_line' id='line_1_41' title="bbox 238 4116 2242 4212; baseline 0.001 -25"><span class='ocrx_word' id='word_1_560' title='bbox 238 4131 361 4206; x_wconf 87' lang='lat' dir='ltr'>quanto</span> <span class='ocrx_word' id='word_1_561' title='bbox 391 4124 498 4190; x_wconf 82' lang='lat' dir='ltr'>studio</span> <span class='ocrx_word' id='word_1_562' title='bbox 528 4124 733 4194; x_wconf 83' lang='lat' dir='ltr'>adiuvandus</span> <span class='ocrx_word' id='word_1_563' title='bbox 761 4128 805 4194; x_wconf 81' lang='lat' dir='ltr'>ait</span> <span class='ocrx_word' id='word_1_564' title='bbox 832 4136 983 4212; x_wconf 87' lang='lat' dir='ltr'>peoontor</span> <span class='ocrx_word' id='word_1_565' title='bbox 1005 4128 1061 4210; x_wconf 87' lang='lat' dir='ltr'>qui</span> <span class='ocrx_word' id='word_1_566' title='bbox 1083 4126 1215 4211; x_wconf 83' lang='lat' dir='ltr'>resipis·</span> <span class='ocrx_word' id='word_1_567' title='bbox 1267 4149 1364 4212; x_wconf 76' lang='lat' dir='ltr'>quom</span> <span class='ocrx_word' id='word_1_568' title='bbox 1390 4151 1412 4196; x_wconf 92' lang='lat' dir='ltr'>a</span> <span class='ocrx_word' id='word_1_569' title='bbox 1442 4149 1517 4195; x_wconf 86' lang='lat' dir='ltr'>uera</span> <span class='ocrx_word' id='word_1_570' title='bbox 1544 4129 1762 4212; x_wconf 87' lang='lat' dir='ltr'>resipiseentia</span> <span class='ocrx_word' id='word_1_571' title='bbox 1784 4116 1897 4211; x_wconf 78' lang='lat' dir='ltr'>prorui</span> <span class='ocrx_word' id='word_1_572' title='bbox 1922 4126 2028 4197; x_wconf 84' lang='lat' dir='ltr'>adhue</span> <span class='ocrx_word' id='word_1_573' title='bbox 2054 4126 2157 4193; x_wconf 86' lang='lat' dir='ltr'>absint</span> <span class='ocrx_word' id='word_1_574' title='bbox 2184 4126 2242 4209; x_wconf 77' lang='lat' dir='ltr'>pui</span> 
     </span>
     <span class='ocr_line' id='line_1_42' title="bbox 238 4209 2241 4296; baseline 0.002 -23"><span class='ocrx_word' id='word_1_575' title='bbox 238 4209 379 4274; x_wconf 87' lang='lat' dir='ltr'>oentiam</span> <span class='ocrx_word' id='word_1_576' title='bbox 410 4210 505 4275; x_wconf 83' lang='lat' dir='ltr'>uobis</span> <span class='ocrx_word' id='word_1_577' title='bbox 533 4232 627 4278; x_wconf 86' lang='lat' dir='ltr'>suom</span> <span class='ocrx_word' id='word_1_578' title='bbox 654 4212 813 4296; x_wconf 86' lang='lat' dir='ltr'>probavit.</span> <span class='ocrx_word' id='word_1_579' title='bbox 859 4213 953 4294; x_wconf 78' lang='lat' dir='ltr'>Quod</span> <span class='ocrx_word' id='word_1_580' title='bbox 976 4213 1005 4281; x_wconf 86' lang='lat' dir='ltr'>ai</span> <span class='ocrx_word' id='word_1_581' title='bbox 1026 4222 1215 4279; x_wconf 83' lang='lat' dir='ltr'>nostrarum</span> <span class='ocrx_word' id='word_1_582' title='bbox 1266 4216 1483 4283; x_wconf 73' lang='lat' dir='ltr'>ramurnaeiter</span> <span class='ocrx_word' id='word_1_583' title='bbox 1509 4234 1572 4281; x_wconf 87' lang='lat' dir='ltr'>sua</span> <span class='ocrx_word' id='word_1_584' title='bbox 1598 4216 1678 4280; x_wconf 86' lang='lat' dir='ltr'>uitia</span> <span class='ocrx_word' id='word_1_585' title='bbox 1705 4219 1867 4282; x_wconf 77' lang='lat' dir='ltr'>amusant:</span> <span class='ocrx_word' id='word_1_586' title='bbox 1898 4211 1946 4279; x_wconf 85' lang='lat' dir='ltr'>ert</span> <span class='ocrx_word' id='word_1_587' title='bbox 1972 4214 2042 4279; x_wconf 83' lang='lat' dir='ltr'>sine</span> <span class='ocrx_word' id='word_1_588' title='bbox 2063 4213 2241 4295; x_wconf 80' lang='lat' dir='ltr'>pudoreet</span> 
     </span>
     <span class='ocr_line' id='line_1_43' title="bbox 238 4295 2242 4385; baseline 0.002 -26"><span class='ocrx_word' id='word_1_589' title='bbox 238 4295 381 4378; x_wconf 85' lang='lat' dir='ltr'>partium</span> <span class='ocrx_word' id='word_1_590' title='bbox 398 4305 458 4379; x_wconf 89' lang='lat' dir='ltr'>est,</span> <span class='ocrx_word' id='word_1_591' title='bbox 480 4296 566 4380; x_wconf 90' lang='lat' dir='ltr'>opud</span> <span class='ocrx_word' id='word_1_592' title='bbox 588 4297 669 4364; x_wconf 82' lang='lat' dir='ltr'>alios</span> <span class='ocrx_word' id='word_1_593' title='bbox 690 4298 891 4366; x_wconf 84' lang='lat' dir='ltr'>intersedere</span> <span class='ocrx_word' id='word_1_594' title='bbox 913 4298 954 4366; x_wconf 89' lang='lat' dir='ltr'>ad</span> <span class='ocrx_word' id='word_1_595' title='bbox 976 4299 1215 4382; x_wconf 79' lang='lat' dir='ltr'>impetrandam</span> <span class='ocrx_word' id='word_1_596' title='bbox 1265 4302 1336 4366; x_wconf 91' lang='lat' dir='ltr'>sine</span> <span class='ocrx_word' id='word_1_597' title='bbox 1362 4299 1550 4367; x_wconf 84' lang='lat' dir='ltr'>humititatis</span> <span class='ocrx_word' id='word_1_598' title='bbox 1577 4301 1666 4385; x_wconf 86' lang='lat' dir='ltr'>sipno</span> <span class='ocrx_word' id='word_1_599' title='bbox 1693 4301 1740 4366; x_wconf 86' lang='lat' dir='ltr'>sie</span> <span class='ocrx_word' id='word_1_600' title='bbox 1764 4299 1905 4383; x_wconf 78' lang='lat' dir='ltr'>fatentur</span> <span class='ocrx_word' id='word_1_601' title='bbox 1932 4318 1966 4364; x_wconf 86' lang='lat' dir='ltr'>se</span> <span class='ocrx_word' id='word_1_602' title='bbox 1988 4317 2132 4380; x_wconf 70' lang='lat' dir='ltr'>portasse</span> <span class='ocrx_word' id='word_1_603' title='bbox 2152 4317 2190 4364; x_wconf 91' lang='lat' dir='ltr'>oe</span> <span class='ocrx_word' id='word_1_604' title='bbox 2209 4297 2242 4362; x_wconf 89' lang='lat' dir='ltr'>si</span> 
     </span>
     <span class='ocr_line' id='line_1_44' title="bbox 238 4380 2242 4472; baseline 0.003 -28"><span class='ocrx_word' id='word_1_605' title='bbox 238 4380 482 4463; x_wconf 86' lang='lat' dir='ltr'>poenitentibus</span> <span class='ocrx_word' id='word_1_606' title='bbox 507 4383 651 4466; x_wconf 83' lang='lat' dir='ltr'>veniam,</span> <span class='ocrx_word' id='word_1_607' title='bbox 679 4385 784 4451; x_wconf 85' lang='lat' dir='ltr'>multo</span> <span class='ocrx_word' id='word_1_608' title='bbox 810 4384 916 4470; x_wconf 80' lang='lat' dir='ltr'>magis</span> <span class='ocrx_word' id='word_1_609' title='bbox 937 4383 1075 4471; x_wconf 81' lang='lat' dir='ltr'>benigne</span> <span class='ocrx_word' id='word_1_610' title='bbox 1098 4394 1131 4450; x_wconf 87' lang='lat' dir='ltr'>et</span> <span class='ocrx_word' id='word_1_611' title='bbox 1151 4384 1215 4452; x_wconf 85' lang='lat' dir='ltr'>oie·</span> <span class='ocrx_word' id='word_1_612' title='bbox 1266 4407 1431 4469; x_wconf 80' lang='lat' dir='ltr'>nunquam</span> <span class='ocrx_word' id='word_1_613' title='bbox 1443 4391 1629 4472; x_wconf 87' lang='lat' dir='ltr'>peeoassent.</span> <span class='ocrx_word' id='word_1_614' title='bbox 1666 4383 1752 4452; x_wconf 79' lang='lat' dir='ltr'>uem</span> <span class='ocrx_word' id='word_1_615' title='bbox 1765 4405 1862 4468; x_wconf 76' lang='grc' dir='ltr'><em>ααααι</em></span> <span class='ocrx_word' id='word_1_616' title='bbox 1875 4389 1941 4450; x_wconf 89' lang='lat' dir='ltr'>tarn</span> <span class='ocrx_word' id='word_1_617' title='bbox 1954 4382 2109 4450; x_wconf 77' lang='lat' dir='ltr'>ihushem</span> <span class='ocrx_word' id='word_1_618' title='bbox 2125 4382 2242 4450; x_wconf 66' lang='lat' dir='ltr'>christi</span> 
     </span>
     <span class='ocr_line' id='line_1_45' title="bbox 237 4467 2241 4555; baseline 0.002 -26"><span class='ocrx_word' id='word_1_619' title='bbox 237 4475 366 4532; x_wconf 83' lang='lat' dir='ltr'>menter</span> <span class='ocrx_word' id='word_1_620' title='bbox 386 4467 568 4552; x_wconf 86' lang='lat' dir='ltr'>exeipiondi</span> <span class='ocrx_word' id='word_1_621' title='bbox 591 4489 611 4534; x_wconf 89' lang='lat' dir='ltr'>a</span> <span class='ocrx_word' id='word_1_622' title='bbox 632 4469 726 4538; x_wconf 83' lang='lat' dir='ltr'>nobie</span> <span class='ocrx_word' id='word_1_623' title='bbox 747 4481 833 4538; x_wconf 84' lang='lat' dir='ltr'>sunt.</span> <span class='ocrx_word' id='word_1_624' title='bbox 1266 4472 1440 4555; x_wconf 83' lang='lat' dir='ltr'>apostolum</span> <span class='ocrx_word' id='word_1_625' title='bbox 1461 4474 1577 4540; x_wconf 69' lang='lat' dir='ltr'>vidend</span> <span class='ocrx_word' id='word_1_626' title='bbox 1605 4472 1771 4540; x_wconf 84' lang='lat' dir='ltr'>Onesimus</span> <span class='ocrx_word' id='word_1_627' title='bbox 1790 4477 1855 4538; x_wconf 86' lang='lat' dir='ltr'>tam</span> <span class='ocrx_word' id='word_1_628' title='bbox 1876 4470 1973 4537; x_wconf 83' lang='lat' dir='ltr'>anuie</span> <span class='ocrx_word' id='word_1_629' title='bbox 1992 4490 2054 4537; x_wconf 90' lang='lat' dir='ltr'>suo</span> <span class='ocrx_word' id='word_1_630' title='bbox 2074 4489 2172 4536; x_wconf 87' lang='lat' dir='ltr'>eausa</span> <span class='ocrx_word' id='word_1_631' title='bbox 2192 4488 2241 4534; x_wconf 91' lang='lat' dir='ltr'>ro-</span> 
     </span>
     <span class='ocr_line' id='line_1_46' title="bbox 327 4551 2241 4643; baseline 0.003 -28"><span class='ocrx_word' id='word_1_632' title='bbox 327 4551 379 4617; x_wconf 89' lang='lat'>18.</span> <span class='ocrx_word' id='word_1_633' title='bbox 403 4553 442 4620; x_wconf 79' lang='lat' dir='ltr'>st</span> <span class='ocrx_word' id='word_1_634' title='bbox 469 4575 541 4621; x_wconf 85' lang='lat' dir='ltr'>nero</span> <span class='ocrx_word' id='word_1_635' title='bbox 562 4577 626 4640; x_wconf 76' lang='lat' dir='ltr'>pua</span> <span class='ocrx_word' id='word_1_636' title='bbox 647 4557 682 4622; x_wconf 90' lang='lat' dir='ltr'>in</span> <span class='ocrx_word' id='word_1_637' title='bbox 702 4578 738 4624; x_wconf 90' lang='lat' dir='ltr'>re</span> <span class='ocrx_word' id='word_1_638' title='bbox 758 4563 786 4624; x_wconf 86' lang='lat' dir='ltr'>ts</span> <span class='ocrx_word' id='word_1_639' title='bbox 807 4556 907 4624; x_wconf 82' lang='lat' dir='ltr'>laesit.</span> <span class='ocrx_word' id='word_1_640' title='bbox 950 4555 1039 4625; x_wconf 87' lang='lat' dir='ltr'>Hine</span> <span class='ocrx_word' id='word_1_641' title='bbox 1061 4557 1216 4641; x_wconf 78' lang='lat' dir='ltr'>oolligoro</span> <span class='ocrx_word' id='word_1_642' title='bbox 1265 4578 1351 4643; x_wconf 85' lang='lat' dir='ltr'>pare,</span> <span class='ocrx_word' id='word_1_643' title='bbox 1384 4559 1480 4626; x_wconf 75' lang='lat' dir='ltr'>mrum</span> <span class='ocrx_word' id='word_1_644' title='bbox 1508 4559 1612 4643; x_wconf 82' lang='lat' dir='ltr'>mapis</span> <span class='ocrx_word' id='word_1_645' title='bbox 1640 4556 1807 4623; x_wconf 85' lang='lat' dir='ltr'>humitiari</span> <span class='ocrx_word' id='word_1_646' title='bbox 1834 4555 1981 4639; x_wconf 83' lang='lat' dir='ltr'>oportuit,</span> <span class='ocrx_word' id='word_1_647' title='bbox 2013 4575 2073 4638; x_wconf 79' lang='lat' dir='ltr'>qua</span> <span class='ocrx_word' id='word_1_648' title='bbox 2101 4555 2168 4621; x_wconf 86' lang='lat' dir='ltr'>heri</span> <span class='ocrx_word' id='word_1_649' title='bbox 2188 4553 2241 4621; x_wconf 83' lang='lat' dir='ltr'>sui</span> 
     </span>
     <span class='ocr_line' id='line_1_47' title="bbox 240 4635 2242 4724; baseline 0.002 -23"><span class='ocrx_word' id='word_1_650' title='bbox 240 4635 326 4718; x_wconf 88' lang='lat' dir='ltr'>linet,</span> <span class='ocrx_word' id='word_1_651' title='bbox 349 4639 473 4723; x_wconf 86' lang='lat' dir='ltr'>aliquid</span> <span class='ocrx_word' id='word_1_652' title='bbox 495 4644 594 4708; x_wconf 87' lang='lat' dir='ltr'>etiam</span> <span class='ocrx_word' id='word_1_653' title='bbox 616 4642 747 4710; x_wconf 91' lang='lat' dir='ltr'>domino</span> <span class='ocrx_word' id='word_1_654' title='bbox 769 4642 914 4709; x_wconf 80' lang='lat' dir='ltr'>iuratum</span> <span class='ocrx_word' id='word_1_655' title='bbox 935 4663 1006 4709; x_wconf 83' lang='lat' dir='ltr'>eoae</span> <span class='ocrx_word' id='word_1_656' title='bbox 1022 4641 1215 4711; x_wconf 85' lang='lat' dir='ltr'>Onesimum</span> <span class='ocrx_word' id='word_1_657' title='bbox 1267 4644 1412 4711; x_wconf 90' lang='lat' dir='ltr'>animum</span> <span class='ocrx_word' id='word_1_658' title='bbox 1439 4645 1482 4711; x_wconf 86' lang='lat' dir='ltr'>od</span> <span class='ocrx_word' id='word_1_659' title='bbox 1508 4644 1698 4710; x_wconf 76' lang='lat' dir='ltr'>clematium</span> <span class='ocrx_word' id='word_1_660' title='bbox 1716 4645 1855 4722; x_wconf 76' lang='lat' dir='ltr'>ftmteret.</span> <span class='ocrx_word' id='word_1_661' title='bbox 1898 4640 1971 4707; x_wconf 88' lang='lat' dir='ltr'>Huo</span> <span class='ocrx_word' id='word_1_662' title='bbox 1986 4641 2132 4724; x_wconf 78' lang='lat' dir='ltr'>pertinet,</span> <span class='ocrx_word' id='word_1_663' title='bbox 2159 4637 2242 4722; x_wconf 77' lang='lat' dir='ltr'>quod</span> 
     </span>
     <span class='ocr_line' id='line_1_48' title="bbox 238 4724 2241 4812; baseline 0 -23"><span class='ocrx_word' id='word_1_664' title='bbox 238 4733 276 4789; x_wconf 88' lang='lat' dir='ltr'>ut</span> <span class='ocrx_word' id='word_1_665' title='bbox 306 4745 376 4791; x_wconf 83' lang='lat' dir='ltr'>moa</span> <span class='ocrx_word' id='word_1_666' title='bbox 405 4727 554 4812; x_wconf 73' lang='lat' dir='ltr'>fugitivis</span> <span class='ocrx_word' id='word_1_667' title='bbox 583 4729 655 4796; x_wconf 81' lang='lat' dir='ltr'>fuit.</span> <span class='ocrx_word' id='word_1_668' title='bbox 699 4730 745 4796; x_wconf 78' lang='lat' dir='ltr'>Et</span> <span class='ocrx_word' id='word_1_669' title='bbox 766 4737 876 4795; x_wconf 87' lang='lat' dir='ltr'>tamen</span> <span class='ocrx_word' id='word_1_670' title='bbox 898 4728 1029 4797; x_wconf 80' lang='lat' dir='ltr'>suetonis</span> <span class='ocrx_word' id='word_1_671' title='bbox 1058 4728 1216 4796; x_wconf 84' lang='lat' dir='ltr'>iuvidiam</span> <span class='ocrx_word' id='word_1_672' title='bbox 1266 4736 1394 4797; x_wconf 73' lang='lat' dir='ltr'>messor</span> <span class='ocrx_word' id='word_1_673' title='bbox 1420 4752 1453 4798; x_wconf 92' lang='lat' dir='ltr'>se</span> <span class='ocrx_word' id='word_1_674' title='bbox 1480 4729 1681 4811; x_wconf 71' lang='lat' dir='ltr'>confidentius</span> <span class='ocrx_word' id='word_1_675' title='bbox 1708 4729 1885 4812; x_wconf 79' lang='lat' dir='ltr'>scripsisse,</span> <span class='ocrx_word' id='word_1_676' title='bbox 1914 4728 1991 4810; x_wconf 72' lang='lat' dir='ltr'>quia</span> <span class='ocrx_word' id='word_1_677' title='bbox 2018 4728 2110 4793; x_wconf 82' lang='lat' dir='ltr'>seirat</span> <span class='ocrx_word' id='word_1_678' title='bbox 2134 4724 2241 4790; x_wconf 84' lang='lat' dir='ltr'>Phile·</span> 
     </span>
     <span class='ocr_line' id='line_1_49' title="bbox 238 4810 2152 4910; baseline 0.003 -36"><span class='ocrx_word' id='word_1_679' title='bbox 238 4810 370 4896; x_wconf 79' lang='lat' dir='ltr'>mitigat</span> <span class='ocrx_word' id='word_1_680' title='bbox 399 4831 501 4895; x_wconf 91' lang='lat' dir='ltr'>quum</span> <span class='ocrx_word' id='word_1_681' title='bbox 530 4814 629 4897; x_wconf 86' lang='lat' dir='ltr'>addit,</span> <span class='ocrx_word' id='word_1_682' title='bbox 658 4814 723 4883; x_wconf 81' lang='lat' dir='ltr'>vel</span> <span class='ocrx_word' id='word_1_683' title='bbox 751 4816 783 4882; x_wconf 84' lang='lat' dir='ltr'>ai</span> <span class='ocrx_word' id='word_1_684' title='bbox 814 4815 908 4901; x_wconf 89' lang='lat' dir='ltr'>quid</span> <span class='ocrx_word' id='word_1_685' title='bbox 933 4814 1057 4882; x_wconf 85' lang='lat' dir='ltr'>debet.</span> <span class='ocrx_word' id='word_1_686' title='bbox 1101 4815 1216 4900; x_wconf 87' lang='lat' dir='ltr'>Neque</span> <span class='ocrx_word' id='word_1_687' title='bbox 1267 4837 1397 4898; x_wconf 89' lang='lat' dir='ltr'>monem,</span> <span class='ocrx_word' id='word_1_688' title='bbox 1412 4818 1586 4898; x_wconf 77' lang='lat' dir='ltr'>piusquam</span> <span class='ocrx_word' id='word_1_689' title='bbox 1605 4819 1732 4900; x_wconf 74' lang='lat' dir='ltr'>sopanus</span> <span class='ocrx_word' id='word_1_690' title='bbox 1752 4819 1837 4893; x_wconf 89' lang='lat' dir='ltr'>esset,</span> <span class='ocrx_word' id='word_1_691' title='bbox 1857 4814 2025 4897; x_wconf 73' lang='lat' dir='ltr'>saetarum.</span> <span class='ocrx_word' id='word_1_692' title='bbox 2145 4897 2152 4910; x_wconf 36' lang='grc' dir='ltr'>Ι</span> 
     </span>
     <span class='ocr_line' id='line_1_50' title="bbox 238 4897 2242 4984; baseline -0 -22"><span class='ocrx_word' id='word_1_693' title='bbox 238 4897 325 4962; x_wconf 90' lang='lat' dir='ltr'>euim</span> <span class='ocrx_word' id='word_1_694' title='bbox 349 4907 518 4967; x_wconf 77' lang='lat' dir='ltr'>eontracta</span> <span class='ocrx_word' id='word_1_695' title='bbox 539 4908 610 4967; x_wconf 85' lang='lat' dir='ltr'>erat</span> <span class='ocrx_word' id='word_1_696' title='bbox 631 4901 738 4968; x_wconf 86' lang='lat' dir='ltr'>oivilis</span> <span class='ocrx_word' id='word_1_697' title='bbox 761 4903 846 4968; x_wconf 89' lang='lat' dir='ltr'>ratio</span> <span class='ocrx_word' id='word_1_698' title='bbox 867 4902 954 4968; x_wconf 87' lang='lat' dir='ltr'>iuter</span> <span class='ocrx_word' id='word_1_699' title='bbox 975 4920 1041 4984; x_wconf 86' lang='lat' dir='ltr'>eos,</span> <span class='ocrx_word' id='word_1_700' title='bbox 1066 4901 1123 4979; x_wconf 79' lang='lat' dir='ltr'>sed</span> <span class='ocrx_word' id='word_1_701' title='bbox 1147 4911 1217 4967; x_wconf 83' lang='lat' dir='ltr'>tan·</span> <span class='ocrx_word' id='word_1_702' title='bbox 1354 4904 1405 4969; x_wconf 92' lang='grc'>22.</span> <span class='ocrx_word' id='word_1_703' title='bbox 1435 4900 1540 4968; x_wconf 79' lang='lat' dir='ltr'>Simul</span> <span class='ocrx_word' id='word_1_704' title='bbox 1571 4921 1642 4968; x_wconf 88' lang='lat' dir='ltr'>vero</span> <span class='ocrx_word' id='word_1_705' title='bbox 1668 4920 1841 4984; x_wconf 84' lang='lat' dir='ltr'>praepara</span> <span class='ocrx_word' id='word_1_706' title='bbox 1886 4899 1975 4966; x_wconf 85' lang='lat' dir='ltr'>Haeo</span> <span class='ocrx_word' id='word_1_707' title='bbox 1992 4898 2111 4981; x_wconf 74' lang='lat' dir='ltr'>riduoia</span> <span class='ocrx_word' id='word_1_708' title='bbox 2139 4899 2242 4963; x_wconf 77' lang='lat' dir='ltr'>erustar</span> 
     </span>
     <span class='ocr_line' id='line_1_51' title="bbox 239 4984 2243 5069; baseline 0.001 -24"><span class='ocrx_word' id='word_1_709' title='bbox 239 4987 311 5048; x_wconf 83' lang='lat' dir='ltr'>tum</span> <span class='ocrx_word' id='word_1_710' title='bbox 344 4985 478 5069; x_wconf 87' lang='lat' dir='ltr'>propria</span> <span class='ocrx_word' id='word_1_711' title='bbox 509 5006 599 5053; x_wconf 85' lang='lat' dir='ltr'>noxa</span> <span class='ocrx_word' id='word_1_712' title='bbox 628 4988 802 5054; x_wconf 81' lang='lat' dir='ltr'>obstrietus</span> <span class='ocrx_word' id='word_1_713' title='bbox 830 4997 901 5054; x_wconf 84' lang='lat' dir='ltr'>orat</span> <span class='ocrx_word' id='word_1_714' title='bbox 929 5008 1046 5055; x_wconf 80' lang='lat' dir='ltr'>servus</span> <span class='ocrx_word' id='word_1_715' title='bbox 1075 4988 1216 5054; x_wconf 89' lang='lat' dir='ltr'>domino.</span> <span class='ocrx_word' id='word_1_716' title='bbox 1266 4990 1389 5055; x_wconf 82' lang='lat' dir='ltr'>stimuli</span> <span class='ocrx_word' id='word_1_717' title='bbox 1423 5007 1488 5053; x_wconf 90' lang='lat' dir='ltr'>esse</span> <span class='ocrx_word' id='word_1_718' title='bbox 1522 4986 1627 5053; x_wconf 76' lang='lat' dir='ltr'>oetan</span> <span class='ocrx_word' id='word_1_719' title='bbox 1661 4987 1705 5054; x_wconf 82' lang='lat' dir='ltr'>ad</span> <span class='ocrx_word' id='word_1_720' title='bbox 1734 4987 1978 5068; x_wconf 71' lang='lat' dir='ltr'>permanendum</span> <span class='ocrx_word' id='word_1_721' title='bbox 2015 4984 2243 5051; x_wconf 78' lang='lat' dir='ltr'>Philemonem:</span> 
     </span>
     <span class='ocr_line' id='line_1_52' title="bbox 238 5064 2244 5166; baseline 0 -31"><span class='ocrx_word' id='word_1_722' title='bbox 238 5064 344 5166; x_wconf 72' lang='lat' dir='ltr'>Tanto</span> <span class='ocrx_word' id='word_1_723' title='bbox 366 5072 474 5156; x_wconf 89' lang='lat' dir='ltr'>itaque</span> <span class='ocrx_word' id='word_1_724' title='bbox 496 5073 599 5139; x_wconf 87' lang='lat' dir='ltr'>maior</span> <span class='ocrx_word' id='word_1_725' title='bbox 618 5073 716 5141; x_wconf 92' lang='lat' dir='ltr'>Pauli</span> <span class='ocrx_word' id='word_1_726' title='bbox 737 5073 932 5153; x_wconf 85' lang='lat' dir='ltr'>humanitas,</span> <span class='ocrx_word' id='word_1_727' title='bbox 955 5075 1013 5158; x_wconf 92' lang='lat' dir='ltr'>qui</span> <span class='ocrx_word' id='word_1_728' title='bbox 1034 5094 1093 5157; x_wconf 89' lang='lat' dir='ltr'>pro</span> <span class='ocrx_word' id='word_1_729' title='bbox 1114 5072 1216 5140; x_wconf 82' lang='lat' dir='ltr'>mole·</span> <span class='ocrx_word' id='word_1_730' title='bbox 1267 5075 1377 5140; x_wconf 84' lang='lat' dir='ltr'>deinde</span> <span class='ocrx_word' id='word_1_731' title='bbox 1390 5093 1478 5155; x_wconf 82' lang='lat' dir='ltr'>spem</span> <span class='ocrx_word' id='word_1_732' title='bbox 1489 5073 1756 5159; x_wconf 70' lang='lat' dir='ltr'>protelationisei</span> <span class='ocrx_word' id='word_1_733' title='bbox 1767 5073 1846 5153; x_wconf 83' lang='lat' dir='ltr'>saeit</span> <span class='ocrx_word' id='word_1_734' title='bbox 1865 5091 1922 5138; x_wconf 88' lang='lat' dir='ltr'>suo</span> <span class='ocrx_word' id='word_1_735' title='bbox 1944 5071 2087 5137; x_wconf 80' lang='lat' dir='ltr'>aduentu.</span> <span class='ocrx_word' id='word_1_736' title='bbox 2128 5069 2244 5152; x_wconf 74' lang='lat' dir='ltr'>Quone·</span> 
     </span>
     <span class='ocr_line' id='line_1_53' title="bbox 239 5152 2245 5245; baseline 0.002 -27"><span class='ocrx_word' id='word_1_737' title='bbox 239 5152 312 5219; x_wconf 83' lang='lat' dir='ltr'>fimo</span> <span class='ocrx_word' id='word_1_738' title='bbox 341 5176 468 5242; x_wconf 88' lang='lat' dir='ltr'>quoque</span> <span class='ocrx_word' id='word_1_739' title='bbox 489 5158 676 5227; x_wconf 73' lang='lat' dir='ltr'>sauataoere</span> <span class='ocrx_word' id='word_1_740' title='bbox 697 5167 830 5245; x_wconf 84' lang='lat' dir='ltr'>paratus</span> <span class='ocrx_word' id='word_1_741' title='bbox 852 5169 911 5226; x_wconf 86' lang='lat' dir='ltr'>est.</span> <span class='ocrx_word' id='word_1_742' title='bbox 956 5158 1121 5227; x_wconf 84' lang='lat' dir='ltr'>Partioula</span> <span class='ocrx_word' id='word_1_743' title='bbox 1142 5161 1217 5241; x_wconf 84' lang='lat' dir='ltr'>iata,</span> <span class='ocrx_word' id='word_1_744' title='bbox 1266 5182 1361 5244; x_wconf 79' lang='lat' dir='ltr'>quam</span> <span class='ocrx_word' id='word_1_745' title='bbox 1386 5165 1489 5226; x_wconf 88' lang='lat' dir='ltr'>autem</span> <span class='ocrx_word' id='word_1_746' title='bbox 1510 5160 1649 5227; x_wconf 80' lang='lat' dir='ltr'>neseitm</span> <span class='ocrx_word' id='word_1_747' title='bbox 1669 5179 1713 5225; x_wconf 90' lang='lat' dir='ltr'>an</span> <span class='ocrx_word' id='word_1_748' title='bbox 1732 5160 1857 5225; x_wconf 78' lang='lat' dir='ltr'>sohutus</span> <span class='ocrx_word' id='word_1_749' title='bbox 1872 5161 1980 5242; x_wconf 82' lang='lat' dir='ltr'>postea</span> <span class='ocrx_word' id='word_1_750' title='bbox 1998 5157 2097 5240; x_wconf 67' lang='lat' dir='ltr'>sumit</span> <span class='ocrx_word' id='word_1_751' title='bbox 2117 5155 2245 5223; x_wconf 79' lang='lat' dir='ltr'>Paulus</span> 
     </span>
     <span class='ocr_line' id='line_1_54' title="bbox 239 5238 2245 5329; baseline 0.002 -24"><span class='ocrx_word' id='word_1_752' title='bbox 239 5259 287 5305; x_wconf 91' lang='lat' dir='ltr'>ne</span> <span class='ocrx_word' id='word_1_753' title='bbox 316 5238 440 5310; x_wconf 88' lang='lat' dir='ltr'>dioam</span> <span class='ocrx_word' id='word_1_754' title='bbox 470 5244 571 5327; x_wconf 88' lang='lat' dir='ltr'>qnod</span> <span class='ocrx_word' id='word_1_755' title='bbox 600 5255 638 5312; x_wconf 82' lang='lat' dir='ltr'>et</span> <span class='ocrx_word' id='word_1_756' title='bbox 668 5245 844 5329; x_wconf 77' lang='lat' dir='ltr'>teipsum</span> <span class='ocrx_word' id='word_1_757' title='bbox 874 5245 968 5312; x_wconf 91' lang='lat' dir='ltr'>mihi</span> <span class='ocrx_word' id='word_1_758' title='bbox 998 5244 1136 5325; x_wconf 80' lang='lat' dir='ltr'>dobes,</span> <span class='ocrx_word' id='word_1_759' title='bbox 1158 5267 1216 5311; x_wconf 88' lang='lat' dir='ltr'>ex·</span> <span class='ocrx_word' id='word_1_760' title='bbox 1267 5267 1307 5312; x_wconf 85' lang='lat' dir='ltr'>ee</span> <span class='ocrx_word' id='word_1_761' title='bbox 1335 5247 1484 5314; x_wconf 75' lang='lat' dir='ltr'>vinastis:</span> <span class='ocrx_word' id='word_1_762' title='bbox 1505 5245 1590 5311; x_wconf 85' lang='lat' dir='ltr'>nihii</span> <span class='ocrx_word' id='word_1_763' title='bbox 1610 5251 1714 5312; x_wconf 85' lang='lat' dir='ltr'>tamen</span> <span class='ocrx_word' id='word_1_764' title='bbox 1735 5249 1780 5311; x_wconf 91' lang='lat' dir='ltr'>est</span> <span class='ocrx_word' id='word_1_765' title='bbox 1799 5243 1940 5322; x_wconf 74' lang='lat' dir='ltr'>ainardi,</span> <span class='ocrx_word' id='word_1_766' title='bbox 1962 5243 1993 5310; x_wconf 89' lang='lat' dir='ltr'>si</span> <span class='ocrx_word' id='word_1_767' title='bbox 2016 5262 2097 5327; x_wconf 84' lang='lat' dir='ltr'>spes,</span> <span class='ocrx_word' id='word_1_768' title='bbox 2119 5241 2245 5325; x_wconf 70' lang='grc' dir='ltr'><em>αααῑανι</em></span> 
     </span>
     <span class='ocr_line' id='line_1_55' title="bbox 239 5325 2244 5417; baseline 0 -23"><span class='ocrx_word' id='word_1_769' title='bbox 239 5325 382 5411; x_wconf 84' lang='lat' dir='ltr'>primore</span> <span class='ocrx_word' id='word_1_770' title='bbox 397 5329 500 5398; x_wconf 83' lang='lat' dir='ltr'>voluit</span> <span class='ocrx_word' id='word_1_771' title='bbox 514 5340 672 5417; x_wconf 87' lang='lat' dir='ltr'>quantam</span> <span class='ocrx_word' id='word_1_772' title='bbox 690 5331 810 5401; x_wconf 82' lang='lat' dir='ltr'>habeat</span> <span class='ocrx_word' id='word_1_773' title='bbox 830 5330 1029 5416; x_wconf 85' lang='lat' dir='ltr'>impetrandi</span> <span class='ocrx_word' id='word_1_774' title='bbox 1050 5329 1215 5400; x_wconf 84' lang='lat' dir='ltr'>fiduoiam.</span> <span class='ocrx_word' id='word_1_775' title='bbox 1266 5332 1305 5398; x_wconf 87' lang='lat' dir='ltr'>de</span> <span class='ocrx_word' id='word_1_776' title='bbox 1329 5331 1493 5416; x_wconf 84' lang='lat' dir='ltr'>temporali</span> <span class='ocrx_word' id='word_1_777' title='bbox 1519 5330 1585 5399; x_wconf 88' lang='lat' dir='ltr'>Dei</span> <span class='ocrx_word' id='word_1_778' title='bbox 1609 5331 1751 5414; x_wconf 72' lang='lat' dir='ltr'>dmefieio</span> <span class='ocrx_word' id='word_1_779' title='bbox 1778 5329 1957 5415; x_wconf 80' lang='lat' dir='ltr'>conceperit,</span> <span class='ocrx_word' id='word_1_780' title='bbox 1990 5349 2061 5396; x_wconf 88' lang='lat' dir='ltr'>eum</span> <span class='ocrx_word' id='word_1_781' title='bbox 2087 5329 2244 5412; x_wconf 61' lang='lat' dir='ltr'>frustata</span> 
     </span>
    </p>
   </div>
   <div class='ocr_carea' id='block_1_3' title="bbox 0 0 2378 6016">
    <p class='ocr_par' dir='ltr' id='par_1_3' title="bbox 0 0 2378 6016">
     <span class='ocr_line' id='line_1_56' title="bbox 0 0 2378 6016; baseline 0 0"><span class='ocrx_word' id='word_1_782' title='bbox 0 0 2378 6016; x_wconf 95' lang='lat' dir='ltr'> </span> 
     </span>
    </p>
   </div>
  </div>
 </body>
</html>
