4762 6016
194 408 256 476 i'l'l
610 460 624 483 .
1093 404 1246 474 CAPUT
1267 404 1311 474 V.
2150 405 2217 476 17⁸

192 603 318 687 ebeque
347 601 475 669 deleetu
504 600 755 685 empleotuntur.
801 600 987 683 Utrumque
1017 602 1171 668 uitiosum
1225 601 1370 668 broeium
1401 621 1528 685 sequor,
1563 600 1618 683 qui
1651 620 1727 667 oum
1761 603 1910 684 proxime
1939 603 2103 670 sententie
2132 624 2211 671 oon·

192 699 260 759 eet:
293 709 370 757 nem
403 689 527 771 priores
558 688 702 755 teetnoeo
739 684 797 753 illo
826 686 1025 770 preeiudioio
1055 685 1172 752 imbuti
1225 695 1351 754 texunt.
1404 685 1616 772 Quamquam
1648 696 1767 753 neuter
1798 708 1910 755 eorum
1940 687 2099 772 explieat}
2112 689 2213 758 Pnuli

194 776 284 843 viem
311 773 354 841 ed
375 770 608 857 prolioiendum
630 773 694 839 eibi
715 770 948 856 praecludunt:
978 771 1074 839 elteri
1095 793 1173 840 uero
1224 782 1386 847 mentem:
1409 784 1444 838 et
1464 773 1550 839 torte
1572 770 1654 857 quid
1677 772 1740 839 eibi
1762 773 1852 855 velit,
1875 794 1941 840 non
1963 795 2097 858 proreue
2119 798 2210 846 esee·

194 860 236 929 ed
275 878 389 926 omnes
424 879 572 926 errorum
608 869 724 924 ventoe
761 877 796 927 ee
833 867 956 925 temere
991 866 1171 942 exponunt
1225 860 1316 942 qunti
1345 867 1433 925 eunt
1477 857 1632 926 Breviter
1659 857 1764 925 diuum
1788 858 1873 942 quod
1895 861 2011 926 eentio.
2055 861 2209 933 Primum

193 947 319 1014 Peulue
340 947 381 1011 nb
404 944 456 1012 hie
477 943 604 1012 duobus
624 943 783 1011 extremis
801 942 844 1010 ed
870 942 1017 1011 medium
1040 957 1174 1013 rerooet
1224 944 1366 1028 epeoiem
1396 943 1485 1025 muli,
1513 943 1570 1010 vel
1595 943 1726 1023 mulum,
1755 946 1962 1030 interpretor,
1991 967 2092 1031 quum
2121 970 2207 1016 non·

195 1030 518 1111 unonuonioensoe,
554 1028 633 1096 dum
666 1037 757 1096 vetet
793 1029 970 1113 quidquem
1007 1029 1171 1108 demuure,
1225 1029 1305 1096 dum
1332 1032 1380 1096 ite
1407 1043 1573 1116 uompertu
1601 1040 1653 1096 eet
1681 1029 1849 1097 doetriuee
1877 1031 2005 1099 leleitee
2028 1039 2066 1099 ut
2085 1036 2206 1103 merito

194 1119 260 1186 nini
289 1118 380 1200 prius
408 1117 652 1183 examinutumz
680 1125 716 1182 et
741 1135 873 1182 rureum
896 1116 1060 1195 ndmouet
1088 1115 1172 1182 iudi·
1223 1117 1313 1183 reiioi
1329 1126 1440 1200 quent:
1455 1116 1513 1183 eed
1528 1128 1638 1183 temen
1655 1116 1765 1200 ulique
1779 1116 1894 1184 heeret
1907 1119 2041 1185 eiuietru
2052 1122 2207 1205 suspitio,

192 1207 281 1273 oium
304 1201 524 1269 adhibendum
540 1221 612 1269 eene
635 1202 726 1286 prim
740 1220 840 1285 quum
862 1201 949 1285 quod
970 1202 1004 1267 in
1027 1201 1172 1268 medium
1223 1214 1257 1268 et
1278 1202 1411 1269 timetur
1432 1224 1475 1268 ue
1492 1201 1570 1285 qnid
1585 1203 1707 1269 veneni
1724 1200 1834 1269 luteet
1871 1203 1962 1290 Ergo
1977 1202 2018 1270 eb
2032 1227 2071 1273 ee
2085 1228 2207 1291 genere

191 1290 330 1356 effertur
359 1310 417 1373 pro
445 1288 579 1355 indubio
608 1288 777 1372 reeipieut.
819 1288 866 1355 Et
890 1307 970 1355 eene
1002 1287 1084 1355 bueo
1106 1287 1172 1354 Dei
1224 1286 1402 1372 doetrinue,
1423 1287 1509 1372 quod
1526 1287 1656 1372 melum,
1675 1287 1804 1356 etiemei
1821 1309 1888 1357 non
1906 1291 1960 1372 eit,
1983 1303 2128 1377 apparet,
2150 1295 2206 1362 eb

196 1376 321 1443 nomini
352 1375 468 1441 eultem
490 1375 674 1440 reverentie
707 1372 856 1455 debetur,
890 1383 927 1441 ut
954 1373 1169 1458 prophetium,
1223 1375 1345 1439 sunere
1378 1375 1552 1458 preeuipit:
1588 1394 1654 1439 non
1684 1373 1771 1458 quod
1811 1375 1846 1441 in
1876 1386 1980 1442 totum
2008 1378 2099 1445 reiioi
2130 1401 2204 1463 per·

194 1482 280 1546 quee
318 1459 437 1526 dieitur
472 1459 514 1525 eb
549 1480 589 1527 eo
624 1461 783 1543 proleete.
823 1481 889 1526 non
925 1459 1170 1542 edepernemur.
1222 1461 1341 1539 mittet,
1362 1458 1419 1525 eed
1437 1460 1516 1544 ¹quie
1532 1459 1643 1542 rumpi,
1666 1466 1726 1524 eut
1739 1459 1839 1527 fidem
1853 1462 2000 1528 obtinere
2015 1485 2081 1530 non
2097 1464 2204 1534 debet

195 1547 322 1613 Verum
350 1546 448 1614 eiouti
467 1546 678 1612 reieetionom
699 1545 796 1613 debet
817 1544 1011 1630 preeoedere
1032 1566 1171 1611 examen
1223 1544 1402 1612 emerim
1425 1545 1623 1630 priusquod
1647 1543 1767 1612 bonum
1785 1555 1837 1613 eet
1858 1550 1963 1615 teneri
1985 1550 2090 1627 innuit¹
2114 1572 2203 1620 nuno

190 1634 247 1700 vel
281 1633 443 1709 diremtio,
475 1632 523 1696 ite
552 1642 586 1696 et
614 1632 855 1716 eueeeptionem
885 1653 982 1698 verne
1010 1642 1045 1699 et
1072 1651 1171 1698 eeuue
1223 1631 1380 1698 abstineri
1403 1632 1475 1698 vult
1503 1652 1570 1698 non
1597 1631 1790 1715 simplieiter
1818 1653 1838 1697 n
1865 1633 1963 1714 melo,
1992 1634 2049 1702 eed
2078 1656 2098 1700 n
2123 1637 2204 1705 muli

191 1719 371 1787 doetrinae.
413 1718 529 1801 Neque
557 1717 645 1784 enim
675 1717 877 1785 eeleritate
906 1718 975 1801 pion
1002 1738 1072 1785 enee
1094 1737 1170 1782 oon·
1221 1715 1352 1801 speeie?
1386 1718 1463 1801 quie
1495 1717 1550 1784 ubi
1583 1717 1815 1785 diiudioetione
1846 1719 1882 1785 in
1910 1719 2016 1788 lueem
2047 1721 2205 1805 produotn

192 1807 296 1881 venit,
312 1816 351 1869 ut
364 1803 589 1871 indifferenter
605 1802 725 1870 luleum
739 1824 807 1870 non
821 1805 932 1871 minue
944 1823 1171 1886 quamverum
1222 1803 1322 1870 tuerit
1343 1804 1475 1882 veritus,
1505 1818 1583 1870 tuno
1612 1801 1744 1869 demum
1771 1805 1802 1869 ei
1832 1805 1931 1871 fidem
1961 1804 2077 1873 heberi
2099 1807 2202 1877 deoet

192 1892 364 1974 enipiont.
400 1888 491 1956 Hine
507 1889 700 1974 oolligimue,
721 1889 841 1973 spiritu
858 1888 971 1957 iudioii
986 1909 1041 1955 eon
1057 1889 1172 1955 douuri
1223 1888 1288 1956 Ubi
1310 1897 1422 1955 nutem
1444 1888 1555 1956 eubeet
1576 1888 1651 1955 talei
1673 1900 1791 1973 metue,
1813 1901 1871 1957 eut
1887 1911 1981 1958 mene
2000 1890 2203 1962 dubitetione

190 1997 215 2042 e
234 1975 317 2057 Deo,
347 1986 385 2042 ut
412 1975 601 2042 dieoernunt
622 1996 663 2041 ne
684 1976 982 2043 oiroumvenientur
1003 1975 1171 2042 hominum
1222 1986 1274 2042 eet
1294 1975 1460 2058 implieite‚
1482 1974 1598 2060 pedem
1616 1975 1747 2054 reterre,
1770 1976 1823 2043 vel
1880 1976 1980 2045 udum
1996 1976 2047 2064 (ut
2061 1979 2202 2065 loquun-

190 2060 630 2228 inuuunt
646 2059 1171 2231 ιιιιιιιιιι
1222 2061 1695 2230 tenuitenui
1714 1997 2203 2229 {lentunen

193 2235 338 2301 bonum
374 2241 443 2300 eet.
499 2232 596 2317 Quod
632 2234 659 2298 ei
697 2245 785 2300 reete
815 2199 980 2316 ’probandi
1018 2231 1172 2301 leoultete
1224 2230 1316 2299 nobie
1349 2232 1441 2299 utilie
1473 2218 1585 2299 lutere
1616 2233 1660 2298 eit
1688 2253 1749 2319 pro
1772 2232 1862 2299 hetin
1889 2235 1973 2301 oitre
2003 2171 2201 2319 perlonlum:

190 2319 327 2387 destitui
361 2340 421 2386 noe
442 2322 618 2386 eeutimue:
652 2321 694 2386 eb
726 2317 840 2387 eodem
871 2319 1002 2402 spiritu,
1025 2320 1083 2403 qui
1112 2338 1171 2401 per
1222 2339 1340 2402 nempe
1366 2319 1397 2384 ei
1425 2318 1542 2384 ettenti
1570 2320 1735 2385 erimueu
1779 2321 1889 2386 omniu
1910 2320 2087 2403 prebende,
2118 2325 2203 2392 etei

190 2407 370 2491 propheten
401 2425 478 2472 eune
507 2405 660 2488 loquitur,
694 2403 834 2489 petendu
863 2415 921 2471 eet.
972 2403 1172 2471 Pronuntiet
1221 2402 1341 2471 levites
1362 2423 1400 2471 ee
1421 2404 1586 2471 festinatio
1608 2404 1721 2470 oberit.

192 2502 300 2558 eutem
324 2491 385 2556 hoe
407 2491 478 2558 loeo
499 2489 662 2556 Dominue
683 2512 742 2575 per
763 2511 799 2556 oe
817 2490 921 2569 Pauli,
946 2490 1046 2558 nullie
1069 2489 1171 2555 bomi-

142 2582 144 2587 '
191 2598 273 2644 num
296 2577 393 2655 uitiis,
422 2576 516 2642 nulle
538 2575 591 2643 vel
613 2578 805 2649 temeritate,
835 2575 889 2643 vel
911 2577 1050 2659 ineuitin,
1079 2575 1169 2641 nullo
1307 2575 1360 2640 23.
1383 2574 1458 2657 lpee
1485 2581 1589 2642 autem
1609 2574 1700 2642 Deus
1723 2577 1815 2658 puoto
1840 2577 2007 2659 oonot‘fioet
2034 2598 2088 2646 eor
2107 2584 2202 2648 tutor:

189 2661 333 2746 denique
364 2663 469 2730 ubuuu
502 2665 620 2730 debere
651 2660 802 2745 impediri
834 2663 999 2730 doetrinae
1027 2681 1169 2742 nuruum,
1221 2663 1386 2746 etiutoper
1405 2662 1540 2744 spiritu
1560 2667 1668 2742 uerte,
1689 2667 1717 2726 et
1738 2662 1857 2744 onim,
1879 2668 1908 2730 et
1927 2682 2042 2746 oorpue
2061 2665 2132 2733 eino
2151 2687 2201 2735 re·

191 2749 272 2833 quin
300 2769 430 2832 eemper
455 2751 489 2815 in
520 2748 656 2815 eeoleeie
683 2751 801 2833 vigent.
849 2747 936 2815 Num
965 2769 1067 2832 quum
1095 2768 1169 2831 pro·
1214 2746 1421 2830 proteum
1453 2748 1489 2812 in
1520 2747 1652 2814 adom
1680 2746 1815 2815 Domini
1843 2749 1947 2816 nostri
1974 2750 2051 2817 Ine
2080 2749 2201 2820 obviet

192 2832 323 2935 pbetiue
340 2834 472 2901 ubolitio
494 2834 648 2935 eooleeiee
672 2835 716 2901 eit
729 2835 898 2901 interitus:
921 2835 1030 2918 potine
1044 2832 1169 2933 eoelum
1220 2834 1428 2900 mediatur:
1470 2832 1521 2898 24.
1540 2833 1646 2914 fidelie
1667 2834 1724 2916 qui
1743 2854 1799 2934 μοι
1819 2835 1950 2919 emovit,
1971 2836 2077 2919 quiet
2112 2839 2200 2907 aocet

183 2932 656 3074 minuenti.
674 2939 784 3074 ιιι
804 2919 1169 3105 ιιιιιιιιιιι
1220 2917 1652 3105 institute
1670 2919 2201 3089 mitum...

190 3091 357 3161 libentium
380 3093 580 3177 permittere,
601 3091 679 3159 dum
697 3091 770 3159 vult
791 3091 920 3175 proberr
940 3111 1066 3158 omme:
1090 3111 1168 3158 nem
1220 3096 1256 3158 ut
1269 3089 1389 3174 toruo
1402 3090 1533 3173 optumo
1546 3090 1988 3174 mortesmoofrotrttuo.
2012 3092 2066 3161 ut.
2081 3093 2200 3163 orma

189 3177 451 3279 pudiendeueunt
473 3191 510 3246 ιιι
532 3179 718 3263 probentur.
756 3179 860 3262 Atqui
881 3177 943 3244 boo
961 3177 1057 3245 modo
1071 3179 1169 3244 innue
1219 3175 1353 3243 Domini
1373 3178 1475 3244 nostri
1497 3175 1573 3245 Ieeu
1595 3175 1714 3244 Christi
1735 3177 1899 3245 oolieorm
1943 3179 2057 3246 Amet.

183 3266 567 3435 fflw'llffpoll'llf
594 3265 681 3420 {2³3⁸
707 3263 967 3417 idnilbllli
990 3284 1168 3451 ‘lirullffl
1304 3347 1356 3413 ιι.
1387 3347 1463 3448 12⁸0
1490 3353 1596 3417 auem
1621 3348 1723 3417 neus.
1772 3349 1954 3450 postquam
1985 3351 2076 3418 veru
2104 3372 2199 3436 pne

188 3434 393 3504 eudimtiem
426 3438 517 3506 felnis
545 3435 739 3517 dootoribur,
770 3457 910 3522 quorum
940 3456 976 3504 oe
1005 3435 1082 3505 elrbr
1109 3436 1167 3503 ob·
1219 3442 1314 3517 oepte
1342 3432 1441 3511 dedit,
1470 3435 1604 3503 undem
1629 3432 1796 3502 deseendit
1816 3435 1859 3503 ed
1881 3437 2108 3538 preoetionem
2151 3437 2200 3506 llt

188 3521 384 3588 etruendum
406 3545 479 3592 enee
500 3523 603 3605 doeet,
624 3534 659 3590 et
679 3541 762 3608 quoe
783 3535 852 3589 tum
872 3542 986 3590 eovere
1007 3520 1167 3589 exoludit:
1218 3530 1306 3587 oerte
1332 3519 1454 3586 trustre
1482 3522 1647 3607 epergitur
1675 3519 1835 3601 doetrinu,
1863 3523 1928 3589 nui
1956 3543 2027 3591 eum
2048 3523 2142 3591 Deue
2163 3525 2200 3593 in

184 3607 300 3674 ‚nihilo
335 3607 435 3675 etium
469 3609 577 3695 megin
612 3609 727 3676 tollere
758 3608 907 3676 ordinem
938 3609 975 3674 in
1008 3605 1168 3693 eligendie
1220 3607 1347 3673 enimoe
1375 3616 1504 3673 noetroe
1525 3607 1659 3676 inseret.
1705 3605 1802 3675 Unde
1824 3613 1962 3694 npperet
1983 3628 2083 3693 quem
2103 3630 2198 3694 pree·

188 3690 388 3773 doetoribue,
408 3714 508 3779 quem
529 3704 700 3778 teutopere
720 3692 1167 3781 ιιιιι(ιιι1,9)ωιιιιιοιι-
1219 3703 1348 3776 poetere
1384 3691 1505 3759 imiunt
1535 3693 1593 3777 qui
1625 3713 1667 3760 ex
1700 3691 1767 3761 Dei
1799 3693 1981 3779 preeeeptie
2014 3695 2197 3775 metiuntur

183 3776 260 3843 det
308 3775 377 3847 Sed
406 3780 561 3864 quonium
589 3789 685 3848 mute
713 3778 885 3864 diligentie
913 3800 1083 3864 nunquem
1112 3779 1168 3846 ed·
1219 3777 1390 3844 bominum
1415 3776 1510 3844 vireu.
1554 3779 1681 3845 Pnulue
1703 3799 1783 3864 ergo
1803 3798 1904 3863 quum
1926 3779 2027 3849 eoiret
2046 3781 2198 3851 inutilem

195 3862 302 3930 biberi
424 3874 439 3930 t
466 3867 549 3950 quin
577 3864 774 3951 prophetent
793 3865 959 3933 interdum
980 3867 1035 3950 qui
1057 3865 1167 3933 minue
1219 3883 1291 3931 eene
1311 3883 1441 3930 omnem
1464 3863 1654 3945 doetrinem‚
1679 3864 1784 3933 donee
1804 3863 1958 3934 eordibue
1978 3866 2103 3935 nuetrie
2123 3886 2198 3935 eom

219 3968 296 4016 uem
339 3961 431 4019 eoeet
451 3965 529 4019 eunt
548 3951 711 4032 inetrueti,
732 3963 766 4019 et
786 3950 952 4019 interdum
975 3952 1053 4019 boui
1070 3961 1106 4017 et
1123 3951 1168 4036 pii
1218 3950 1312 4016 Deus
1356 3949 1428 4015 ueni
1449 3947 1552 4035 digito
1574 3971 1633 4018 uuo
1654 3951 1830 4036 ineeulpet,
1856 3961 2006 4035 probetur
2029 3951 2137 4023 Deum
2158 3966 2199 4020 ut

194 3967 343 4103 lentore·
364 4057 385 4102 e
405 4056 504 4121 eoopo
526 4036 695 4105 oberrent:
723 4057 796 4102 eem
819 4035 1010 4104 medentium
1034 4037 1169 4120 requirit
1219 3969 1529 4103 l'beeetllonieeneee
1551 4035 1739 4105 eunotifioet
1784 4035 1853 4104 Cur
1874 4034 1984 4103 Deum
2009 4036 2120 4121 p‘noie
2143 4037 2199 4107 bio

192 4139 215 4184 e
235 4120 396 4199 fitentur,
424 4132 461 4189 ut
482 4132 593 4190 mmen
616 4123 729 4190 eudire
751 4142 817 4188 uon
840 4122 1031 4190 detreotent.
1075 4120 1169 4189 Nihil
1220 4122 1375 4199 nominet,
1410 4121 1491 4188 mibi
1524 4141 1591 4188 non
1625 4122 1705 4188 rebe
1734 4130 1876 4191 oonrtet:
1910 4122 1974 4190 niei
2002 4123 2126 4191 referre
2154 4122 2196 4191 ed

192 4209 282 4272 euim
316 4208 530 4293 perieuloeiue
562 4230 659 4293 quum
692 4229 731 4275 ee
762 4208 934 4276 moroeitue
966 4228 1030 4291 qne
1062 4208 1099 4273 fit
1131 4217 1169 4274 ut
1218 4206 1386 4290 superiore
1414 4206 1528 4289 libent,
1552 4205 1607 4274 ubi
1635 4207 1774 4275 ireterni
1799 4227 1987 4290 ooneeneue,
2017 4219 2050 4275 et
2071 4208 2198 4294 petien-

193 4292 288 4358 nobie
319 4295 462 4395 ineipide
493 4296 536 4362 eit
568 4295 703 4393 queenie
731 4293 890 4377 (lontrina,
924 4293 1003 4359 dum
1032 4294 1169 4377 prebere
1220 4294 1285 4357 tiee
1306 4292 1533 4393 eteequitetie
1550 4293 1709 4393 meminit
1746 4291 1878 4361 Soimuu
1895 4293 2080 4395 eutem-nub
2094 4294 2197 4363 verbo

191 4388 933 4564 qouefflbmowtffimmmm
948 4464 1166 4533 universalem
1218 4377 1513 4531 libtlgnll‘lltlnlgxl
1528 4378 2040 4549 pmetmdlllegtrlelilovlltllgllellt
2054 4400 2198 4534 bl'lrmeel:

190 4567 263 4616 eene
292 4555 488 4619 sententium
516 4564 645 4636 putent,
674 4574 713 4618 eo
733 4573 761 4620 er
783 4550 946 4617 ebetmere
968 4552 1168 4634 prueoiperet
1218 4547 1415 4617 lonroeneee:
1445 4549 1503 4617 eed
1531 4560 1624 4634 optet
1674 4550 1772 4618 eulue
1794 4564 1833 4617 ut
1853 4551 1938 4636 quod
1961 4549 2124 4636 reliquum
2145 4562 2197 4620 ret

190 4633 233 4701 eb
255 4637 406 4703 omnibue
427 4658 510 4721 quoe
531 4637 610 4704 meli
632 4639 772 4722 speeiem
796 4657 874 4720 pree
895 4658 931 4703 ee
953 4635 1072 4702 ferunt.
1114 4633 1167 4702 Ite
1217 4633 1310 4701 Deue
1331 4636 1494 4719 perfioint:
1518 4634 1605 4704 unde
1626 4635 1820 4722 oolligimun,
1843 4645 1913 4702 tote
1932 4636 2003 4704 rite
2024 4637 2193 4722 predolen-

189 4739 308 4788 eonem
325 4735 420 4801 eruet,
439 4745 504 4789 non
522 4725 673 4792 suffieere
689 4723 828 4790 interiue
845 4723 1060 4789 ooneoientiee
1079 4722 1166 4788 teeti·
1218 4719 1297 4787 dum
1324 4741 1395 4788 enee
1424 4721 1459 4787 iu
1487 4723 1670 4789 eunetitetie
1697 4720 1815 4789 etudio.
1867 4721 2042 4790 Oeeterum
2073 4722 2102 4789 ri
2130 4722 2196 4791 Dei

190 4808 350 4890 monium,
380 4809 443 4874 nini
463 4810 622 4876 habentur
643 4820 677 4876 et
698 4809 838 4876 tretrum
861 4810 953 4887 rutio,
976 4819 1014 4875 ut
1034 4806 1165 4875 obviem
1215 4805 1358 4874 offieium
1380 4817 1431 4874 eet
1453 4813 1559 4875 totum
1582 4807 1748 4875 hominem
1769 4807 1957 4889 reformem,
1985 4807 2070 4875 nibil
2092 4809 2196 4877 libero

190 4905 286 4959 entur
314 4893 529 4978 offendieulie,
559 4895 714 4982 fugiendo
736 4892 891 4978 quidquid
914 4894 1037 4960 mulum
1059 4891 1165 4960 videri
1216 4890 1352 4958 erbitrio
1383 4892 1551 4959 miduum
1580 4895 1627 4959 bt
1671 4892 1757 4960 Nem
1787 4893 1816 4960 ei
1844 4903 1992 4961 nentrum
2013 4905 2100 4961 eeeet
2121 4894 2195 4963 Deo

189 4989 306 5060 potest
366 4978 430 5060 Qui
466 4982 607 5064 speeiem
643 4978 810 5049 dieleotiee
845 4990 1015 5063 exponunt
1051 4979 1165 5064 generi
1215 4979 1392 5062 eoopereri,
1409 4978 1457 5044 ite
1474 4977 1628 5130 lfflluume
1641 4988 1728 5046 eeeet
1741 4977 1874 5063 Peulue,
1894 4977 2196 5049 Senotifiuetionem

189 5064 383 5145 eubieetem‚
423 5067 520 5132 nimie
558 5087 666 5134 erueee
701 5064 954 5132 bellueiuentur.
1013 5064 1164 5148 Speeiem
1215 5073 1358 5130 veetrem
1375 5061 1468 5130 Deue
1526 5063 1625 5147 ‘uret
1647 5062 1702 5131 vel
1716 5075 1916 5149 promovent
1953 5064 2065 5148 Quum
2081 5076 2194 5134 entem

187 5151 277 5214 enim
308 5149 392 5217 dixit
421 5171 505 5234 queo
529 5152 626 5236 vulgo
654 5152 854 5237 apperentie.
899 5150 944 5216 ιιι
969 5160 1078 5234 potest
1099 5149 1164 5235 legi
1215 5148 1303 5228 diuit,
1333 5149 1570 5217 eenotilioet
1598 5159 1714 5231 toton,
1743 5150 1850 5217 solum
1877 5150 1970 5218 illum
1993 5151 2074 5220 feeit
2096 5151 2193 5218 eolidi

187 5238 257 5300 tem
290 5236 386 5317 muln,
413 5257 512 5320 quem
540 5237 618 5304 muli
647 5238 682 5305 in
712 5237 877 5323 genitivo:
911 5235 1024 5303 eedem
1054 5245 1164 5303 umen
1214 5236 1321 5319 operie
1341 5245 1497 5302 notorem.

184 5320 437 5407 eipnitieetioue.
481 5323 555 5410 ligo
583 5324 691 5407 potine
718 5323 991 5406 Obryeoetomum
1020 5331 1054 5389 et
1082 5324 1162 5388 Am·
1300 5317 1346 5386 Et
1374 5321 1493 5408 bueper
1520 5322 1664 5406 spirituo
1711 5320 1785 5391 Hoe
1813 5321 2027 5408 exponitiouie
2045 5322 2116 5392 vioe
2137 5321 2201 5389 ed·

291 5441 405 5502 Ouitioi
419 5457 513 5514 opere
545 5441 603 5501 Vol.
619 5440 691 5501 tlt
1928 5439 1964 5498 12
