4762 6016
186 353 250 420 167
451 296 455 305 ·
720 351 866 420 EPIS'l'.
890 354 1034 421 PAULI
1057 354 1121 421 AD
1143 320 1657 424 bnassshoalonasaffl
1734 418 1735 422 ,
2131 357 2198 424 168

184 543 457 627 oonsolationom,
488 543 522 608 in
552 563 617 625 qua
646 562 734 609 nuno
763 554 923 608 versatur.
965 541 1167 626 superstites
1217 543 1311 626 qaas
1334 543 1392 625 sar
1418 544 1585 626 opponat.
1634 542 1665 608 5.
1692 542 1807 609 &sues
1835 563 1889 609 uos
1914 544 1978 626 atii
2003 543 2084 612 lauis
2107 547 2195 632 seeo,

190 630 271 696 dioit
284 649 359 696 sum
374 629 440 696 illis
454 626 552 694 simul
574 635 705 711 raptum
728 628 785 692 irie
808 629 842 693 in
865 627 917 694 bis
937 627 1030 693 nulla
1051 631 1166 693 mortis
1217 633 1247 694 el
1265 627 1329 710 fitis·
1350 626 1428 694 diei.-
1449 649 1510 694 aoa
1531 647 1642 694 mmaa
1662 629 1769 710 nodia,
1790 649 1889 712 aeque
1909 630 2112 698 sessos

188 715 329 781 montio:
351 732 455 797 quare
468 716 605 779 inuuere
627 711 758 778 ridetur
779 714 893 779 mortis
915 714 984 779 iore
1006 724 1166 796 expertae.

188 800 257 867 His
286 800 426 866 multum
449 820 485 865 se
511 806 642 882 torquet
661 797 886 883 Augustinus,
916 805 988 864 tum
1009 799 1092 865 libro
1115 798 1167 865 De
1305 800 1333 865 1.
1357 797 1457 866 Porro
1486 799 1525 865 de
1551 798 1749 882 mtporabaa.
1792 799 1891 865 Nune
1918 804 2015 868 tertio
2044 805 2115 869 loeo
2138 824 2194 871 eos

188 888 321 954 oivitate
337 887 503 966 viuesimo,
525 894 594 950 tum
618 885 651 949 in
674 885 884 967 responsione
906 886 947 949 ad
963 884 1165 951 Dulsitinm:
1217 902 1238 949 a
1258 885 1385 951 suriosa
1412 896 1447 950 st
1471 884 1578 950 inutili
1600 891 1785 968 taqsrom
1805 885 2015 968 inquisitione
2037 886 2193 956 ratrahit:

188 975 414 1146 illelmi?
450 969 796 1143 {satisfiat
817 968 1068 1138 latitat,
1088 970 1165 1120 il}
1217 970 1700 1140 lililulifflsllmilildl
1727 970 2195 1140 tillitfflifflsa

190 1147 357 1212 moriatur.
412 1109 538 1208 llerum
570 1140 690 1206 solutio
722 1140 826 1206 fusilis
855 1146 920 1219 est,
953 1142 1029 1224 quia
1057 1140 1167 1206 subita
1218 1141 1331 1219 utitur,
1356 1161 1439 1224 spus
1461 1161 1531 1207 esse
1553 1162 1678 1225 negans
1699 1140 1740 1207 ds
1761 1142 1827 1209 illis
1847 1142 1946 1209 auribi
1967 1081 2193 1228 qusebnriosi

189 1231 372 1297 immutatio
406 1229 523 1294 mortis
550 1227 653 1292 instar
682 1227 755 1292 erit.
799 1226 892 1292 Mors
921 1226 1051 1309 quidem
1082 1225 1165 1292 ordi·
1218 1225 1368 1292 homines
1389 1226 1585 1292 desiderant.
1621 1227 1706 1293 Nam
1730 1227 1792 1294 hos
1813 1227 1934 1294 nimiae
1954 1229 2194 1300 incredulitatis

190 1317 284 1383 naria
306 1315 469 1397 separatio
494 1322 544 1379 est
558 1313 688 1378 animae
710 1331 730 1376 a
751 1331 896 1395 sorpore.
932 1310 1058 1378 Verum
1082 1310 1165 1376 nihil
1216 1311 1364 1395 ιίςυιιιιι,
1392 1332 1457 1378 non
1482 1312 1614 1378 sredere
1635 1333 1718 1396 quas
1741 1312 1902 1379 Dominus
1925 1317 2097 1398 praediuit,
2129 1317 2194 1385 nisi

189 1402 298 1467 obstat
319 1401 494 1483 quominus
515 1397 643 1464 aboleat
664 1396 823 1463 Dominus
845 1409 1010 1463 momento
1031 1417 1165 1481 oorrup·
1217 1397 1303 1462 diem
1325 1397 1425 1463 sertis
1450 1398 1702 1464 sirsumstantiis
1724 1398 1882 1482 designet,
1904 1421 1941 1467 au
1963 1401 2065 1467 veluti
2088 1401 2194 1487 digito

189 1485 315 1553 tibilem
337 1485 424 1552 bano
446 1494 605 1563 naturam,
632 1492 670 1548 ut
692 1502 812 1549 novam
834 1503 894 1548 sua
917 1484 1040 1548 virtute
1061 1493 1164 1550 erest:
1216 1482 1376 1549 ostendat.
1421 1482 1508 1564 Quia
1534 1502 1613 1568 ergo
1639 1483 1727 1550 inter
1748 1485 1919 1569 ambiguas
1939 1488 2112 1569 opiniones
2134 1508 2192 1555 ra·

191 1573 240 1639 sio
261 1571 349 1638 euim
371 1570 525 1655 impletur
546 1568 633 1651 quod
667 1568 737 1634 deri
759 1575 909 1652 oportere
931 1568 1016 1634 idam
1039 1567 1165 1634 Paulus
1216 1566 1339 1651 oillant,
1361 1569 1418 1652 qui
1438 1567 1500 1636 sibi
1519 1569 1672 1653 flagitant
1694 1570 1800 1636 notari
1821 1575 2005 1654 temporum
2027 1574 2193 1652 artisuloa,

187 1658 283 1725 dooot
325 1658 355 1723 2.
379 1656 455 1723 Dor.
478 1655 513 1733 5,
546 1654 590 1741 4),
623 1665 660 1719 ut
691 1653 903 1721 absorbeatur
934 1654 1116 1719 mortalitas
1145 1674 1166 1718 a
1216 1673 1254 1720 aa
1268 1654 1297 1719 si
1312 1674 1354 1720 ex
1367 1653 1526 1737 probabili
1543 1655 1820 1721 demonstratione
1836 1658 2057 1723 ooniesturam
2074 1679 2194 1745 sapore

188 1744 271 1809 vita.
339 1742 402 1808 uod
418 1743 453 1807 in
467 1741 668 1808 ounleesione
691 1749 802 1806 nostra
822 1738 971 1822 babetur,
992 1739 1163 1805 Christum
1217 1738 1353 1805 uellent:
1376 1740 1448 1806 ideo
1463 1741 1526 1822 piis
1539 1761 1760 1823 supervasum
1774 1741 1934 1808 eiusmodi
1956 1741 2006 1808 dis
2031 1745 2193 1813 stationes

186 1828 328 1896 iudioem
358 1836 564 1893 mortuorum
592 1826 662 1891 fors
691 1830 739 1892 as'
756 1826 928 1909 vivorum,
957 1824 1165 1909 Augustinus
1216 1844 1288 1889 esse
1317 1823 1406 1890 disis.
1455 1825 1537 1891 Alio
1565 1825 1659 1892 fiam
1685 1827 1770 1892 ratio
1795 1831 1856 1907 eet,
1886 1828 1968 1910 quoa
2130 1851 2193 1898 aaa

187 1916 261 1981 sine
293 1915 400 1998 figura
431 1932 549 1979 verum
581 1932 653 1977 osse
685 1913 847 1996 agnoseit:
880 1919 1007 1976 tantum
1042 1911 1074 1974 in
1108 1908 1165 1975 illo
1211 1908 1288 1992 plus
1308 1911 1389 1976 seire
1409 1914 1566 1993 oppetant,
1592 1930 1687 1992 mmm
1709 1913 1745 1976 ia
1765 1910 1831 1978 Dre'
1850 1912 1955 1980 subola
1973 1913 2093 1981 dissere
2115 1914 2192 1984 uest

189 1999 344 2082 aorupulo
372 1998 505 2077 haeret,
534 1996 694 2080 quomodo
723 2006 898 2081 resurgant
922 1997 977 2079 qui
1000 2016 1064 2062 non
1087 2004 1165 2062 suut
1216 1993 1418 2077 Diemporro
1433 1996 1582 2062 adustas
1594 1999 1648 2062 aao'
1667 1994 1757 2063 aobt'e
1777 2017 1844 2063 eoae
1864 1997 2077 2066 abaootadt'iam
2097 2001 2194 2068 utlaii

72 2135 75 2142 .
189 2085 324 2151 mortui.
373 2083 497 2149 Verum
526 2081 580 2168 (ut
605 2080 688 2167 dixi)
718 2082 776 2147 illa
806 2091 858 2148 est
885 2081 1002 2147 mortis
1028 2083 1165 2164 speeies,
1218 2078 1372 2161 Οἷιήιιιιι,
1394 2087 1430 2147 at
1449 2083 1596 2164 menei
1614 2084 1709 2163 quusi
1729 2083 1765 2147 ia
1786 2084 1926 2150 moabita
1945 2089 2077 2152 semem.

191 2169 268 2236 dum
301 2171 336 2234 in
366 2169 504 2235 nihilum
533 2168 696 2253 redigitur
724 2167 805 2234 baeu
828 2187 919 2248 saro,
948 2179 986 2232 ut
1006 2186 1095 2233 nuno
1115 2178 1167 2233 est
1214 2213 1219 2223 .
1302 2167 1332 2232 2.
1369 2165 1492 2247 Omitte
1520 2168 1619 2235 osilia
1679 2168 1840 2235 Exustam
1873 2171 2024 2237 notitiam
2056 2173 2194 2256 opponit

184 2256 391 2338 -uorruptioni
424 2254 575 2321 obnoxia.
626 2253 768 2319 'fantum
802 2252 863 2318 bos
896 2262 945 2319 est
979 2251 1164 2329 disurimen‚
1217 2252 1316 2317 anxio
1338 2253 1559 2337 investigandi
1581 2252 1699 2319 studio.
1739 2253 1827 2335 Quid
1850 2265 1959 2320 autem
1981 2257 2192 2324 Thessaloni·

190 2341 276 2425 qnod
298 2342 354 2425 qui
377 2340 542 2406 dorminut
563 2340 672 2423 aliquo
694 2338 850 2421 temporis
872 2338 994 2423 spatio,
1021 2339 1165 2421 oorporis
1217 2357 1331 2404 sensas
1359 2338 1459 2422 probe
1487 2349 1599 2404 tenere
1631 2337 1770 2405 assent?
1804 2360 1921 2424 nempe
1952 2340 2038 2408 dium
2067 2342 2194 2411 Obristi

189 2438 318 2493 exuunt
332 2426 567 2492 substantiam:
590 2425 645 2509 qui
660 2432 769 2491 autem
784 2422 893 2491 subito
910 2422 1165 2503 innovabuntur,
1217 2434 1351 2523 repente
1388 2430 1422 2488 et
1454 2425 1662 2523 exinspsrato
1696 2437 1889 2524 venturum,
1930 2437 1966 2492 ut
1998 2428 2193 2512 inereduloa,

188 2513 765 2680 ”⁰⁰¹1‘tff¹t⁰t¹.·¹ittttf⁰tis
793 2595 834 2661 ..ι
856 2594 1024 2661 osum
1050 2614 1164 2679 agga
1217 2507 1653 2662 stoliditatis
1666 2511 2188 2679 {distillatus

190 2685 276 2768 gatis
312 2683 474 2767 promittit
510 2693 675 2748 aeternam
711 2699 784 2746 sum
821 2701 859 2747 eo
892 2682 1011 2746 vitam:
1047 2681 1164 2762 quibus
1216 2678 1339 2745 mundo
1369 2681 1499 2745 eminus
1527 2690 1708 2747 ostentent:
1740 2681 1876 2747 stultum
1904 2703 1984 2768 ergo
2012 2694 2112 2762 esset,
2145 2708 2188 2752 ex

188 2769 300 2836 verbis
328 2768 458 2835 abunde
480 2766 635 2853 Origenie
661 2775 694 2832 et
716 2766 948 2833 chiliastarum
979 2764 1094 2832 deliria
1116 2786 1163 2832 rs
1216 2767 1393 2849 praesagiis
1415 2766 1465 2833 vel
1492 2767 1628 2833 ostentis
1654 2764 1740 2832 velle
1761 2777 1883 2833 statum
1909 2768 2031 2835 habere
2050 2781 2188 2854 tempus.

188 2855 348 2922 intentur.
399 2854 513 2937 Neque
544 2853 631 2918 enim
665 2852 765 2917 alium
799 2853 899 2918 finem
932 2851 1084 2916 habitura
1113 2858 1165 2918 est
1302 2850 1331 2917 3.
1376 2851 1505 2933 ριιαιιὰο
1537 2853 1621 2917 urim
1651 2852 1803 2919 diremit
1856 2853 2043 2937 Explioatio
2075 2857 2189 2923 simili-

189 2941 335 3008 fidolium
360 2941 429 3007 vita
451 2960 548 3023 quam
571 2937 705 3016 christi,
728 2958 770 3003 ex
792 2958 856 3020 qao
878 2938 978 3002 semsl
1000 2937 1036 3001 in
1059 2957 1164 3002 unum
1217 2936 1355 3003 tudinis:
1377 2937 1493 3003 similis
1508 2939 1571 3004 erit
1592 2937 1662 3004 dies
1677 2936 1810 3005 Domini
1832 2939 1897 3004 furi
1920 2951 2089 3007 noeturno.
2122 2941 2190 3010 (lar

189 3048 226 3092 re
273 3048 328 3094 um
347 3026 474 3094 oollesti
496 3025 627 3091 fuerint.
663 3023 795 3092 Obristo
816 3028 925 3089 autem
947 3023 1038 3087 mille
1059 3042 1164 3089 annos
1216 3021 1297 3087 boo?
1321 3022 1398 3106 quia
1418 3023 1551 3089 minime
1574 3032 1782 3107 exspsotatus
1802 3023 1910 3090 subito
1932 3026 2112 3094 ineredulis
2134 3029 2188 3094 ad·

189 3115 232 3178 tri
256 3133 344 3190 uero,
367 3124 404 3177 ut
425 3121 537 3196 postea
557 3130 697 3195 regnare
719 3109 856 3189 desinat,
878 3106 1063 3192 plusquam
1087 3109 1163 3173 hor·
1215 3108 1342 3189 veniet,
1375 3117 1413 3174 ut
1444 3129 1499 3175 eos
1532 3111 1625 3192 quasi
1659 3109 1859 3176 dormientes
1891 3123 2037 3195 osoupet
2093 3113 2188 3181 Unde

186 3199 328 3264 rendum
362 3198 450 3263 diotu
482 3206 541 3262 est.
600 3195 702 3279 Atqui
734 3195 768 3259 in
804 3193 890 3259 bans
929 3194 1163 3260 absurditatem
1215 3204 1324 3258 autem
1359 3193 1532 3259 dormitio?
1571 3215 1689 3277 nempe
1721 3215 1763 3261 ex
1795 3197 1862 3261 alto
1894 3195 1957 3261 Dei
1990 3210 2186 3283 sontemptn.

187 3284 310 3350 uadunt
338 3283 393 3366 qui
424 3282 515 3348 mille
544 3283 640 3348 annis
669 3281 848 3346 terminant
874 3278 1019 3345 fidelium
1050 3279 1162 3356 vitam,
1216 3278 1377 3363 Supinum
1406 3279 1491 3345 hano
1520 3283 1725 3346 osuitantism
1754 3301 1852 3365 saepe
1878 3283 1987 3366 impiis
2008 3287 2189 3368 exprobant

189 3369 268 3452 quia
297 3368 411 3434 vivere
435 3387 491 3434 eos
512 3389 587 3434 sum
609 3366 744 3434 Obristo
770 3370 898 3449 oportet
923 3364 1077 3448 quamdiu
1099 3367 1163 3430 erit
1215 3365 1409 3450 propbetas:
1431 3371 1466 3430 et
1479 3377 1567 3431 uerte
1588 3387 1653 3430 non
1677 3375 1861 3432 extremum
1884 3367 1978 3433 modo
2001 3368 2083 3436 illud
2106 3371 2188 3438 iudi·

190 3453 344 3520 Christus
371 3453 450 3536 ipse.
499 3454 687 3520 Notandum
717 3452 816 3516 etiam
842 3450 927 3534 quod
957 3450 1047 3530 disit,
1078 3452 1162 3516 eri·
1215 3455 1319 3534 oium,
1348 3451 1405 3516 sed
1435 3449 1625 3534 quotidiana
1649 3471 1762 3518 saoure
1784 3464 1981 3534 exspeotant.
2027 3454 2188 3536 Quamvis

187 3557 290 3605 mus:
318 3558 395 3603 nam
417 3539 580 3624 signifieat
602 3547 681 3604 tuns
703 3556 763 3603 nos
784 3537 885 3602 vitam
909 3544 1076 3602 aeternam
1099 3538 1162 3602 uti·
1216 3536 1378 3603 Dominus
1400 3535 1537 3601 exitium
1567 3537 1748 3620 denuntiet,
1776 3557 1889 3620 paoem
1915 3553 1949 3605 at
1977 3542 2086 3607 omnia
2115 3563 2187 3625 pro·

188 3624 264 3690 liter
296 3643 446 3709 sperare,
479 3645 582 3709 quum
615 3623 709 3690 nobis
741 3643 910 3707 speramus
937 3623 1068 3705 proprie
1099 3642 1165 3688 esee
1215 3641 1310 3706 spera
1337 3619 1399 3687 sibi
1426 3620 1571 3704 polliseri
1600 3643 1666 3687 non
1695 3622 1856 3689 dubitant.
1900 3628 2009 3709 Atque
2038 3627 2073 3691 in
2104 3627 2188 3694 hano

183 3711 383 3778 destinatum.
1216 3706 1382 3774 exitialem
1410 3706 1587 3774 sosordiam
1608 3708 1681 3793 ideo
1703 3708 1867 3789 labuntur,
1890 3713 1967 3794 qaia
1988 3733 2053 3777 uon
2075 3715 2187 3779 statim

277 3796 326 3862 18.
368 3795 588 3862 Gomolams'ai.
650 3795 808 3877 Apertius
850 3794 916 3858 iam
960 3792 1165 3859 demonstrat
1216 3812 1301 3878 quau
1328 3791 1490 3859 Dominus
1520 3793 1632 3859 sutura
1660 3794 1867 3876 pronuntiat,
1900 3797 2028 3880 impleri
2058 3799 2189 3864 rident:

188 3882 277 3966 quod
307 3883 399 3967 prius
430 3881 514 3962 dixi,
545 3882 578 3945 in
607 3878 672 3944 fide
701 3879 947 3945 resurrsotionis
975 3899 1046 3945 esse
1071 3877 1164 3945 nobis
1216 3887 1366 3944 statuunt
1382 3881 1470 3944 enim
1492 3877 1675 3946 fabulosum
1699 3900 1769 3945 esse
1791 3879 1878 3962 quod
1900 3903 1965 3948 nou
1989 3903 2065 3948 moa
2087 3884 2189 3950 usulis

187 3970 312 4035 iustam
334 3967 566 4035 oonsulationis
588 3965 777 4031 materiam:
800 3963 896 4030 modo
914 3964 1041 4033 Christi
1063 3966 1164 4032 simus
1216 3974 1360 4048 apparet.
1403 3964 1484 4031 Ideo
1505 3963 1688 4045 Dominus,
1718 3972 1756 4030 ut
1778 3964 1864 4032 hans
1885 3970 2092 4035 seduntatem
2114 3990 2188 4036 oon·

188 4053 350 4129 membra,
376 4063 409 4117 et
440 4052 487 4117 illi
519 4061 675 4135 tanquam
704 4050 805 4135 sapiti
833 4058 944 4117 nostro
971 4070 1051 4116 vere
1079 4051 1164 4116 uniti
1217 4052 1376 4116 tumaoiae
1411 4049 1542 4135 plenam
1579 4050 1739 4127 vindieat,
1777 4051 1885 4118 subito
1920 4054 2035 4119 irruit:
2078 4065 2113 4121 st
2148 4075 2189 4121 ex

188 4141 303 4206 simus.
359 4137 567 4221 Quamquam
607 4136 773 4221 apostolus
809 4155 876 4202 non
913 4135 1010 4203 modo
1048 4155 1164 4203 unum·
1214 4157 1345 4203 summa
1358 4136 1513 4203 felioitate
1527 4135 1645 4220 impios
1660 4145 1792 4220 praeter
1812 4156 1903 4236 spem
1925 4141 2071 4206 omnium
2094 4160 2188 4225 prae·

187 4244 351 4310 quomque
372 4223 433 4290 sibi
463 4242 618 4307 quaerere
648 4223 769 4291 doloris
796 4221 949 4290 solatium
973 4221 1077 4308 iubet,
1106 4222 1163 4290 sed
1215 4222 1337 4305 oipitat.
1389 4221 1481 4288 Talia
1512 4222 1678 4288 interdum
1709 4224 1872 4308 repeubni
1901 4225 2062 4293 adventas
2092 4227 2188 4294 doou·

186 4310 262 4377 aliis
287 4312 386 4377 etiam
407 4308 601 4375 ministrare.
1215 4317 1327 4372 menta
1368 4305 1454 4372 edite
1496 4307 1554 4375 sed
1597 4309 1808 4394 praeoipuum
1846 4310 1910 4376 erit
1945 4308 2041 4389 illud,
2108 4332 2187 4378 uum

1214 4389 1369 4458 Obristus
1402 4392 1443 4459 ad
1475 4394 1685 4461 iudioandum
1714 4395 1824 4462 orbem
1854 4395 2039 4463 deeoendet.
2125 4396 2187 4464 uod

1214 4477 1286 4560 ipse
1307 4479 1406 4544 etiam
1428 4485 1584 4560 testatur,
1606 4491 1736 4577 tompus
1758 4479 1839 4547 illud
1861 4480 1989 4549 saeuulo
2009 4480 2082 4549 Noe
2103 4503 2188 4549 som-

547 4566 732 4649 OAPUT
757 4567 806 4647 V,
1215 4581 1350 4714 mx:
1358 4564 1473 4717 0331ἱὲ
1492 4563 1907 4748 fflqffim2iu333tissima
1933 4587 2014 4650 pase
2041 4566 2187 4635 luxuria·

277 4740 306 4807 1.
346 4737 450 4805 Porro
480 4737 519 4803 de
550 4735 738 4822 temdus
765 4740 793 4802 el
820 4735 966 4802 articulis
992 4739 1163 4820 &spumat
1304 4734 1404 4817 Quasi
1424 4735 1512 4802 dolor
1525 4740 1652 4819 portata
1696 4735 1877 4817 Aptissima
1897 4736 2085 4816 similitudo,
2107 4739 2187 4822 quia

184 4846 251 4894 noa
278 4845 359 4909 opas
385 4822 505 4890 aoso
528 4827 566 4888 at
590 4824 676 4890 vobs
703 4822 869 4888 serebatur.
918 4821 949 4888 9.
979 4820 1051 4904 Ipsi
1078 4822 1162 4888 esim
1215 4819 1342 4885 nullum
1365 4820 1489 4886 malum
1511 4818 1666 4904 estquod
1689 4819 1947 4905 magisrepente
1968 4823 2133 4907 sorripiat,
2154 4833 2186 4889 et

185 4913 301 4994 optime
316 4911 405 4979 esitio
426 4910 510 4992 qaod
531 4909 599 4976 dies
612 4908 746 4976 Domini
766 4912 916 4991 tanqam
934 4908 992 4990 sar
1012 4907 1049 4973 ia
1067 4911 1163 4992 uode,
1215 4904 1303 4989 quod
1317 4907 1423 4974 sorim
1437 4915 1470 4972 et
1483 4906 1633 4973 infestius
1655 4906 1761 4988 primo
1783 4907 1893 4973 statim
1914 4907 2037 4993 impeta
2059 4917 2185 4995 urgeat

186 4998 355 5064 sessis
392 4996 423 5062 3.
444 4993 839 5078 Ormodomimdiaeriot
855 5013 927 5076 poa
947 4997 975 5060 et
994 4991 1164 5059 meiius.-
1215 4990 1311 5058 Adde
1332 4990 1419 5076 quod
1436 4991 1592 5057 mulier
1618 5010 1853 5076 praegnans
1875 4990 1994 5060 doloris
2015 4994 2185 5063 materiam

188 5082 454 5164 bruereportiaao
474 5081 556 5165 ipris
576 5080 769 5163 mpetum
785 5080 941 5161 mmor,
962 5076 1056 5160 quusi
1076 5077 1164 5145 dolor
1214 5077 1306 5143 intus
1338 5079 1373 5143 in
1409 5085 1501 5143 utero
1528 5085 1635 5160 gestat
1667 5074 1788 5161 absque
1816 5096 1932 5158 musa,
1964 5077 2070 5148 donee
2098 5079 2186 5148 inter

179 5172 300 5250 portas
335 5167 464 5232 tutiori
494 5163 702 5249 proquam,
741 5184 796 5232 aee
833 5165 984 5248 meat.
1033 5161 1064 5228 d.
1101 5161 1163 5230 Vos
1214 5163 1327 5245 epulas
1348 5173 1382 5231 et
1403 5163 1497 5238 risus,
1520 5161 1572 5229 vel
1595 5163 1628 5226 in
1651 5161 1759 5229 medio
1779 5182 1894 5229 somno
1914 5164 2100 5250 surripitur.

187 5256 304 5332 sales,
329 5251 454 5332 fratrea,
481 5271 545 5318 noa
569 5250 644 5316 estis
664 5251 699 5315 io
719 5249 861 5328 tenebris,
889 5255 925 5315 at
943 5249 1011 5316 dies
1031 5247 1087 5316 tue
1107 5268 1163 5316 uos
1298 5247 1331 5314 A
1360 5247 1423 5318 Vae
1442 5251 1555 5326 msa,
1575 5247 1701 5330 frosm.
1743 5246 1840 5314 Nuno
1860 5247 1955 5331 quale
1976 5250 2021 5318 ait
2041 5249 2185 5321 fideliam
