4762 6016
184 440 247 507 367
807 432 951 501 aman.
975 435 1119 503 PAULI
1141 434 1206 502 AD
1228 436 1512 504 uluonfluuir
1535 435 1572 501 11
2127 435 2201 503 368·

185 634 313 701 utinam
350 631 494 698 animum
533 630 596 696 huo
618 628 839 712 adverterent,
872 629 927 713 qui
960 648 1088 712 semper
1120 628 1160 695 ad
1215 629 1379 709 mutilant,
1409 628 1466 694 alii
1488 629 1686 712 disserpunt,
1716 629 1772 695 alii
1793 635 2021 714 contorquent,
2049 630 2106 697 alii
2129 630 2194 700 die·

187 717 433 805 digladiandum
474 714 588 800 lingua
624 725 704 780 sunt
740 714 872 780 armati:
915 715 981 780 imo
1016 713 1163 780 oertandi
1214 724 1388 799 rumpunt,
1421 715 1477 780 alii
1506 715 1542 779 in
1571 715 1692 782 eortiee
1727 713 1780 801 (ut
1807 714 1891 801 dixi)
1920 716 2092 784 haerentes
2127 738 2195 785 non

185 805 358 873 materiam
376 803 491 887 quavis
510 822 551 865 ex
570 800 758 883 quaestione
776 808 998 883 aucupantur:
1021 800 1165 882 adeoque
1215 801 1411 884 perveniunt
1438 799 1480 866 ad
1508 801 1614 884 ipsam
1644 801 1800 866 animam.
1843 802 1907 868 His
1929 801 2083 869 omnibus
2106 803 2195 871 vitiis

186 893 222 958 in
259 889 400 974 singulis
433 886 541 952 verbis
578 891 636 949 aut
672 884 810 969 syllabis
843 886 980 969 auoupia
1012 884 1162 951 tendunt.
1214 887 1391 969 opponitur
1419 890 1508 952 reeta
1533 887 1650 954 seetio:
1680 886 1742 952 hoe
1763 894 1816 952 est
1836 887 2023 971 explioandi
2044 889 2131 956 ratio
2153 889 2194 956 ad

187 977 254 1045 Sed
277 975 341 1043 alio
363 973 450 1058 rapit
468 992 523 1037 eos
542 970 685 1050 ambitio,
707 972 744 1036 et
757 970 921 1037 interdum
939 970 1038 1036 atiani
1055 970 1164 1036 fatalis
1215 971 1473 1038 aedilitationom
1503 972 1652 1038 formata.
1698 972 1761 1038 Est
1788 972 1877 1038 enim
1900 974 1993 1057 quasi
2014 974 2133 1059 regula
2153 973 2195 1042 ad

186 1085 271 1149 pene
299 1060 431 1227 qaidagn
458 1058 600 1209 mssrbusi.
644 1055 740 1209 egoi
762 1057 796 1156 in
819 1056 987 1206 roitinullis
1008 1065 1164 1207 exptoiitus
1216 1077 1315 1207 lium
1338 1056 1470 1142 exigere
1486 1060 1642 1124 eonvenit
1658 1077 1790 1125 omnem
1808 1058 1988 1144 seripturae
2001 1060 2196 1144 interpreta-

186 1170 270 1215 sum.
348 1165 389 1211 uo
440 1164 482 1209 au
516 1163 551 1207 ni
595 1162 672 1209 esu
696 1162 845 1210 versione
882 1154 967 1208 ranst
988 1163 1007 1209 a
1031 1163 1067 1208 os
1082 1164 1101 1208 o
1116 1163 1153 1207 us
1243 1163 1349 1210 onem.

187 1233 394 1301 verissimum
424 1249 495 1296 esse
524 1249 577 1294 ree
605 1228 677 1313 ipsa
704 1226 850 1312 qnotidie
878 1226 979 1294 doeet.
1009 1164 1109 1294 pNam
1131 1190 1165 1293 el
1304 1229 1355 1296 ld.
1379 1227 1544 1296 θασιινινιι
1558 1228 1730 1312 profanae.
1775 1228 1865 1311 Quid
1893 1228 1934 1297 de
1955 1229 2009 1297 his
2031 1231 2197 1299 voeabulia

187 1316 340 1386 naturale
361 1319 421 1396 est,
449 1313 636 1381 alternando
657 1313 765 1380 amitti
789 1312 973 1380 veritatem:
1006 1321 1039 1380 et
1062 1311 1165 1380 Satan
1216 1314 1368 1392 sentiam,
1398 1314 1467 1379 dixi
1487 1314 1605 1381 ultimo
1631 1315 1738 1399 eapite
1765 1316 1925 1400 epistolae
1953 1316 2089 1400 prioris:
2119 1317 2197 1385 inde

188 1402 398 1470 dissidiorum
428 1408 599 1485 praetextu
624 1398 666 1465 ad
688 1398 868 1466 turbandos
889 1399 1037 1466 infirmos
1058 1399 1166 1466 abuti·
1216 1401 1319 1486 igitur
1340 1407 1456 1485 petant
1477 1398 1625 1468 leetores.
1671 1400 1745 1482 Quo
1771 1411 1882 1467 autem
1904 1401 2010 1488 magis
2031 1401 2198 1470 deterreat

188 1501 254 1571 tur,
275 1495 309 1554 et
330 1485 562 1553 destruendam
584 1506 696 1553 eorum
718 1484 827 1552 fidem.
1216 1486 1427 1553 Timotheum
1457 1485 1499 1552 ab
1528 1487 1592 1553 ista
1618 1486 1757 1570 protana
1785 1496 1819 1553 et
1844 1507 1963 1554 sonora
1987 1488 2197 1572 garrulitate,

278 1573 330 1640 15,
361 1571 456 1638 Stude
487 1576 515 1638 te
546 1572 662 1654 ipsam.
713 1569 877 1652 Quoniam
911 1591 953 1637 ex
986 1568 1046 1636 hoo
1077 1570 1167 1636 tonte
1217 1570 1371 1639 admonet
1392 1571 1567 1654 quemdam
1588 1592 1660 1638 esee
1682 1572 1785 1640 veluti
1806 1571 2040 1658 labyrinthum,
2061 1574 2113 1640 vel
2135 1594 2196 1658 po·

188 1667 373 1728 naseuntur
392 1677 507 1724 omnes
524 1677 653 1742 pugnae
671 1658 704 1722 in
720 1655 880 1741 doetrina,
901 1654 988 1739 quod
1003 1655 1166 1741 ingeniosi
1217 1659 1283 1724 tius
1305 1657 1500 1742 protundum
1524 1657 1698 1743 gurgitem,
1721 1657 1808 1725 unde
1822 1658 1933 1726 nullus
1948 1667 2060 1745 pateat
2073 1660 2195 1742 exitus,

189 1745 337 1813 homines
366 1763 402 1810 se
425 1743 592 1810 venditare
621 1763 732 1810 eoram
760 1740 882 1809 mundo
903 1742 1051 1826 eupiunt,
1081 1741 1165 1824 opti·
1218 1742 1276 1810 sed
1296 1743 1331 1809 in
1349 1763 1446 1828 quem
1469 1743 1573 1828 magis
1595 1764 1630 1809 se
1648 1764 1686 1810 ao
1707 1744 1814 1828 magis
1830 1742 2021 1830 demergant
2039 1745 2195 1814 homines

189 1852 281 1899 mum
311 1840 343 1896 et
371 1828 576 1913 aptissimum
599 1828 780 1896 remedium
801 1828 938 1914 opponit
958 1828 1012 1894 hio
1033 1828 1167 1908 Paulus,
1306 1829 1358 1895 17.
1380 1828 1425 1894 Et
1445 1848 1547 1895 sermo
1574 1849 1691 1913 eorum,
1720 1834 1755 1895 ιιι
1781 1850 1972 1915 gaumario.
2018 1830 2198 1898 Admonuit

191 1917 270 1984 dum
303 1915 497 2000 praeseribit
525 1913 698 1981 Timotheo
728 1922 767 1979 ut
798 1915 832 1979 in
861 1913 970 1981 Deum
1004 1913 1167 1980 oonieotue
1218 1935 1272 1981 me
1298 1914 1496 1981 Benediotus
1524 1916 1647 1981 Tertor
1676 1915 1829 1994 medieas,
1858 1915 1948 1983 huno
1975 1916 2085 1983 looum
2115 1916 2199 1985 mala

191 2003 310 2069 habeat
332 1999 451 2067 oeulos.
494 2001 545 2068 Aa
567 2001 596 2066 si
618 1999 754 2067 diaeret:
782 1999 837 2066 alii
859 1999 1011 2083 plausum
1033 2007 1167 2083 oaptant
1218 1999 1259 2066 ab
1288 2001 1426 2067 liraemo
1456 2020 1587 2068 versum
1617 2001 1732 2081 inisse,
1762 2002 1819 2084 qui
1849 2021 1891 2067 ex
1921 2000 2049 2069 duobus
2079 2002 2200 2071 morbis

191 2087 322 2166 theatri,
356 2094 392 2151 ιιι
425 2089 536 2152 autem
569 2085 701 2152 studeas
733 2086 913 2169 approbare
945 2098 978 2151 te
1008 2103 1046 2151 ao
1075 2095 1167 2151 tuum
1219 2086 1316 2170 plane
1345 2085 1485 2152 diversis
1513 2107 1616 2154 unum
1645 2087 1729 2154 feeit.
1774 2085 1941 2154 (lanarum
1971 2089 2059 2155 enim
2091 2089 2200 2171 posuit

191 2172 409 2241 ministerium
432 2170 512 2238 Deo.
556 2172 602 2238 lit
629 2181 717 2239 eerte
747 2172 829 2237 nihil
857 2180 908 2237 ast
936 2171 1024 2253 quod
1048 2190 1167 2238 vanam
1219 2173 1290 2239 loeo
1312 2191 1530 2257 gangraenae.
1563 2173 1666 2256 Atqui
1682 2171 1832 2240 Galenus
1854 2193 1955 2258 quum
1970 2175 2004 2239 in
2027 2173 2104 2240 aliis
2123 2173 2200 2243 lonis

191 2257 356 2326 eminendi
389 2255 600 2341 eupiditatem
634 2258 741 2342 magis
769 2266 925 2337 eooreeat,
958 2276 1058 2339 quam
1090 2257 1168 2322 dnm
1242 2259 1350 2336 assim,
1382 2268 1452 2324 tum
1479 2277 1558 2324 vero
1587 2257 1645 2324 ubi
1671 2257 1876 2325 definitiones
1903 2259 1998 2340 ponit
2026 2261 2062 2326 in
2090 2258 2200 2327 libello

191 2351 381 2428 reputamus
414 2342 506 2408 nobis
533 2363 605 2410 esee
633 2364 709 2410 eum
742 2344 813 2408 Deo
842 2343 1017 2427 negotium.
1070 2340 1169 2424 Quod
1255 2344 1478 2411 etumoribus
1506 2355 1636 2427 praetor
1669 2353 1822 2410 naturam
1850 2344 1991 2411 alterum
2021 2344 2201 2431 destinguit

192 2429 446 2515 ἀνεπαίσχυντον
478 2429 638 2496 Erasmus
675 2428 844 2496 transtulit
876 2447 943 2493 uon
976 2426 1167 2495 erubeeoen·
1220 2431 1261 2498 ab
1283 2431 1395 2496 altero.
1441 2429 1484 2495 ui
1507 2430 1632 2496 Paulus
1654 2431 1816 2515 Aegineta
1838 2452 1881 2496 ex
1913 2429 2003 2496 illiue
2023 2432 2201 2499 autoritate

191 2519 281 2595 dum,
315 2516 448 2581 tametsi
481 2535 546 2581 non
580 2517 757 2599 impugno:
791 2513 892 2580 malui
924 2524 1035 2580 tamen
1063 2515 1169 2581 aetive
1221 2517 1304 2582 libro
1325 2524 1420 2582 sexto
1448 2535 1604 2583 danorum
1631 2516 1678 2582 ita
1699 2516 1830 2582 definit:
1860 2526 2021 2583 tumorem
2047 2536 2119 2583 esee
2149 2518 2200 2582 in·

192 2620 358 2686 exponere
380 2619 454 2665 non
482 2601 794 2681 erubescentem,
823 2601 899 2683 quia
920 2611 953 2666 et
974 2602 1081 2684 magis
1101 2600 1168 2666 usi·
1221 2600 1401 2686 aequalem,
1430 2601 1497 2668 orie
1524 2600 1671 2684 tumidis,
1700 2601 1855 2684 adspeotu
1886 2611 2017 2682 tetrum,
2049 2601 2199 2686 lividum,

192 2698 264 2754 tata
292 2686 451 2751 aethaeo
481 2686 675 2771 signifieatio
704 2687 791 2770 apud
814 2687 967 2767 Graeoos,
997 2697 1031 2752 et
1051 2686 1168 2752 melius
1221 2698 1255 2754 et
1276 2687 1399 2770 absque
1421 2686 1540 2753 dolore.
1586 2689 1705 2753 Postea
1731 2686 1811 2754 duas
1832 2689 1955 2771 speeies
1978 2692 2137 2768 reeenset,
2165 2699 2201 2754 ιιι

193 2775 266 2840 visa
301 2780 352 2838 est
387 2773 550 2854 praesenti
586 2772 658 2840 loeo
690 2773 872 2839 eonvenire.
926 2771 1047 2841 Subest
1080 2772 1169 2839 enini
1221 2774 1345 2840 laniunt
1377 2773 1432 2839 alii
1466 2773 1591 2840 mediol.
1636 2772 1811 2855 Quosdam,
1838 2773 1926 2840 enim
1958 2793 2095 2841 eanoros
2129 2795 2200 2841 esse

194 2858 301 2927 adhue
330 2856 512 2935 antithesis,
542 2859 598 2945 qqi
626 2858 886 2925 eontentionibus
911 2858 1046 2924 turbant
1066 2857 1169 2924 eoele-
1221 2860 1361 2926 latentes
1388 2861 1459 2925 sine
1486 2857 1612 2926 uloeie:
1643 2858 1802 2942 quosdam
1832 2880 1910 2928 iero
1939 2860 2116 2940 uleerosos,
2146 2858 2200 2927 nbi

192 2948 283 3021 siam,
306 2942 379 3009 ideo
396 2952 465 3008 tani
483 2945 602 3010 aeriter
619 2945 755 3023 ferient,
778 2945 862 3029 quod
882 2945 982 3027 pudet
998 2961 1054 3009 eoa
1072 2944 1168 3026 vinei,
1221 2944 1536 3028 seilioetpraevalet
1563 2953 1635 3011 atra
1657 2944 1732 3011 bilis
1754 2965 1883 3029 exque
1910 2946 2105 3030 gignuntur.
2152 2945 2200 3012 De

193 3053 232 3098 ao
253 3030 315 3097 eibi
337 3039 431 3112 turpe
453 3028 576 3096 dnonnt
600 3029 723 3114 aliquid
746 3031 879 3098 neaoire.
918 3029 1041 3096 Paulus
1056 3036 1190 3117 eontra¹
1221 3050 1412 3117 gangraena
1433 3040 1542 3096 autem
1558 3030 1709 3098 Galenus
1730 3039 1799 3097 tam
1820 3033 1855 3097 in
1871 3031 1982 3097 libello
2003 3032 2070 3097 ism
2092 3033 2200 3111 oitsto,

194 3117 235 3183 ad
266 3114 330 3182 Dei
358 3115 513 3182 iudioium
543 3136 603 3183 nos
631 3120 773 3184 reioeat.
825 3119 875 3182 Ae
905 3117 1009 3199 primo
1039 3115 1190 3199 quidem=
1221 3137 1319 3203 quam
1340 3114 1423 3182 libro
1438 3115 1580 3184 seeundo
1598 3116 1640 3183 ad
1655 3115 1868 3196 Glaueonem,
1890 3116 2009 3183 Aetius
2024 3118 2104 3183 item
2119 3117 2199 3184 libro

194 3203 286 3270 iubet
303 3222 374 3269 we
392 3221 459 3267 non
477 3202 599 3268 otioeos
616 3200 847 3287 disputatores,
866 3201 923 3267 sed
946 3200 1191 3285 operarioszl
1221 3203 1348 3270 deoimo
1377 3213 1507 3285 quarto,
1536 3210 1570 3268 et
1595 3201 1683 3269 idem
1709 3204 1870 3287 Aegineta
1899 3203 1983 3269 libro
2013 3211 2129 3286 quarto
2154 3203 2200 3270 sio

195 3310 260 3374 quo
283 3288 415 3354 nomine
435 3287 565 3371 oblique
584 3288 776 3373 perstringit
794 3308 907 3355 eorum
924 3287 1096 3353 stultitiam
1114 3287 1190 3373 qui,
1221 3289 1416 3389 loquuntur:
1445 3309 1517 3355 eam
1547 3289 1721 3372 provenire
1755 3308 1797 3354 ex
1823 3290 1953 3374 magnis
1982 3287 2199 3442 Ehlegmonis,

196 3375 280 3441 nihil
313 3372 440 3456 agendo
472 3383 641 3458 tantopere
668 3394 704 3439 ee
735 3382 898 3457 torquent.
951 3371 1063 3440 Simus
1091 3391 1170 3458 ergo
1222 3396 1251 3441 si
1280 3375 1315 3440 in
1342 3373 1473 3458 aliquod
1503 3373 1686 3441 membrum
1716 3374 1877 3441 violenter
1905 3376 1981 3442 ineu
2005 3375 2124 3456 norint,
2154 3374 2201 3440 ita

196 3460 337 3544 operarii
368 3462 402 3524 in
433 3459 632 3527 aedifioanda
661 3458 804 3539 aeolesis,
838 3467 935 3542 atque
963 3459 1010 3525 ita
1038 3478 1169 3543 operam
1222 3468 1258 3526 ut
1280 3460 1436 3545 persilio
1458 3460 1615 3526 destituta
1637 3459 1934 3544 ealoreetspiritu
1958 3459 2054 3529 vituli
2075 3459 2119 3526 ad
2145 3481 2198 3526 ex·

196 3555 341 3614 nostram
368 3543 596 3628 impendamus
617 3547 698 3626 Deo,
725 3551 763 3611 ut
789 3547 915 3613 fruetus
937 3545 1054 3628 aliquis
1074 3565 1170 3644 appa·
1222 3545 1431 3613 etinetiouem
1454 3545 1577 3612 tendat.
1600 3544 1697 3644 Quod
1719 3547 1747 3612 si
1770 3554 1920 3613 emortua
1938 3548 2070 3630 penitus
2092 3545 2201 3628 fuerit,

196 3643 281 3702 reat:
312 3640 391 3699 tune
420 3632 512 3698 nulla
539 3635 602 3699 erit
629 3632 840 3699 erubeeoendi
867 3651 974 3698 eausa.
1021 3631 1104 3713 Quae
1125 3634 1171 3695 ιιι
1223 3642 1302 3698 tune
1329 3631 1479 3696 morbum
1502 3629 1622 3699 Giaeoi
1651 3630 1827 3714 sphaoelon
1860 3643 1990 3711 vooant,
2018 3632 2136 3699 Latini
2160 3634 2201 3699 si·

195 3739 315 3803 cunque
341 3719 485 3804 garrulis
513 3717 749 3785 ostentatoribue
776 3718 965 3801 disputando
988 3737 1087 3800 pares
1110 3735 1173 3781 non
1224 3718 1435 3793 derationem,
1464 3717 1584 3801 vulgus
1605 3719 1716 3802 ignem
1737 3718 1844 3785 saneti
1865 3718 2014 3785 Antonii.
2058 3718 2201 3804 Reperio

196 3808 314 3905 omas,
333 3804 481 3904 ,eaffidet
506 3809 609 3904 ιαιιιιιι
638 3803 827 3904 aedificandi
854 3805 971 3888 dudio,
1000 3802 1171 3902 tudertin,
1224 3803 1355 3903 quidem
1372 3801 1564 3869 Cornelium
1579 3802 1722 3904 Celsum⁸
1736 3805 1782 3870 ita
1799 3803 2011 3904 distinguere,
2035 3812 2072 3870 ut
2086 3824 2202 3873 aanoer

194 3891 443 4061 ιιιιι
457 3887 1172 4060 ιιιιιιιι
1223 3887 2203 4076 assissinat“itiitaaffliaaia

198 4063 270 4130 Deo
307 4085 373 4128 non
410 4062 572 4145 pudefiat:
609 4081 711 4161 quum
748 4062 910 4128 ambitiosi
947 4081 1048 4127 uuum
1067 4060 1174 4159 ‚hune
1224 4060 1395 4128 refellitur.
1425 4060 1537 4126 Potuit
1560 4070 1670 4127 autani
1693 4082 1768 4127 eum
1790 4061 2041 4162 tallereuvooum.
2061 4061 2204 4128 altimtas

196 4149 353 4233 pudorem
384 4146 546 4226 horreant,
577 4168 619 4212 ue
649 4145 726 4230 quid
757 4145 937 4231 deperdant
959 4167 999 4213 ex
1022 4166 1173 4228 opinione
1224 4166 1341 4214 esnoor
1363 4158 1397 4212 et
1418 4166 1616 4231 gangraenis
1662 4145 1729 4214 Sed
1757 4148 1792 4213 in
1814 4166 1940 4232 graeeie
1969 4148 2107 4215 voeibua
2137 4166 2204 4214 non

197 4235 359 4303 eouminis
381 4232 434 4299 vel
456 4230 641 4298 reeonditaa
664 4234 828 4300 seientiae.
1224 4242 1332 4317 potest
1353 4231 1469 4299 similis
1493 4252 1565 4299 ease
1586 4230 1811 4333 hallueinatio.
1853 4231 2017 4319 Καριιῖνον
2044 4234 2133 4301 ιιιιίιιι
2156 4231 2204 4298 illi

197 4318 1063 4488 ,attritttt’tioitlt‘ttttt'ttif‘
1089 4337 1174 4469 itt
1224 4316 2204 4491 waltildis&ilidiqdiiditlt'blbi

197 4512 298 4577 quum
330 4492 398 4558 eolo
420 4490 484 4558 Dei
507 4489 608 4557 verbo
636 4499 807 4557 eontentos
836 4509 907 4557 esse
928 4510 987 4556 nos
1009 4496 1174 4574 oporteat:
1225 4508 1300 4569 νειν,
1329 4489 1415 4573 quod
1437 4502 1487 4556 est
1514 4491 1620 4557 edere.
1665 4491 1808 4557 Proinde
1836 4492 2046 4558 retinendum
2075 4502 2127 4558 est
2151 4489 2204 4558 hie

198 4598 353 4664 quorsum
386 4576 594 4663 quotidianae
627 4576 799 4642 oonoiones
831 4587 865 4641 et
897 4576 1005 4660 ipsum
1048 4595 1175 4661 quoque
1226 4575 1421 4642 voeabulum
1443 4596 1653 4661 gangraenas
1682 4596 1745 4659 quo
1771 4596 1849 4641 usus
1871 4581 1922 4643 eet
1942 4577 2087 4644 Paulus:
2117 4575 2203 4662 qnod

197 4676 365 4751 partorum
388 4661 532 4729 munus?
572 4661 690 4762 Nonne
709 4662 744 4727 in
762 4660 868 4729 medio
886 4662 993 4762 posita
1010 4663 1175 4761 esttsorip·
1227 4662 1338 4762 stiam.
1349 4662 1489 4746 pastioni
1517 4663 1639 4746 optime
1661 4661 1824 4760 eosvenit.
1869 4661 1942 4728 Iam
1971 4663 2204 4763 etymologiam

197 4755 295 4855 tura?
329 4753 376 4817 At
391 4750 515 4816 Paulus
534 4750 666 4849 seoandi
684 4757 792 4832 partes
810 4748 996 4847 dootoribns
1013 4753 1175 4833 assignat:
1226 4756 1425 4815 notavimus.
1470 4745 1537 4814 Sed
1560 4768 1673 4849 omnes
1700 4745 1938 4847 medies-talem
1961 4769 2031 4815 eius
2053 4759 2205 4816 naturam

197 4845 418 4991 ιιιιιι
445 4833 680 4988 ιιι
698 4853 817 4987 ιιι
847 4832 1175 4989 elausit
1225 4835 1554 5004 ιιιιιι
1567 4852 1931 5004 reiterari
1944 4833 2205 5004 aanor

204 5007 389 5088 Timotheo,
412 5029 453 5074 ne
475 5009 510 5080 in
531 5006 669 5075 seeundo
683 5006 801 5074 eortioe
815 5020 991 5092 oooupatua
1005 5005 1058 5092 (ut
1071 5004 1177 5072 solent
1227 5027 1288 5073 neo
1309 5006 1480 5090 grassandi
1506 5008 1605 5072 finem
1634 5004 1740 5078 faeiat,
1773 5005 1839 5070 nisi
1867 5004 2001 5072 homine
2032 5005 2204 5074 emtinete.

196 5097 302 5195 inepti
325 5093 491 5181 homines)
507 5094 610 5179 ipsam
624 5093 815 5196 interiorem
831 5092 1005 5159 medullam
1021 5093 1175 5192 intaetam
1228 5090 1338 5189 Quum
1361 5111 1440 5190 ergo
1457 5110 1677 5176 gangraenam
1700 5092 1848 5172 protinus
1865 5097 2023 5192 sequatur
2033 5089 2205 5193 ονέιιριισις,

199 5178 927 5349 attuit,tltttitttttttt‘qts
940 5197 1177 5331 itaut:
1227 5175 1577 5344 utilitate
1597 5177 2207 5347 ttitttttttsstflttttt

199 5351 274 5421 torii
305 5351 483 5435 profestum
515 5358 760 5434 attemperatur,
790 5350 946 5436 intelligo.
992 5349 1059 5415 Alii
1087 5348 1176 5414 enim
1229 5347 1394 5430 eleganter
1416 5366 1490 5413 oum
1512 5355 1579 5413 tam
1602 5347 1728 5415 exitiali
1750 5345 1942 5428 oontagione
1965 5346 2091 5417 Paulus
2114 5346 2207 5418 adul·
