4740 6016
179 341 242 406 aaa
508 296 510 300 ’
679 399 683 407 ,
811 334 1557 404 nessa.sncn1noa1n0aaucu1
2124 332 2192 401 eoo

181 536 278 620 cepit,
300 532 406 617 qualis
421 553 491 598 esse
507 530 633 613 debeat,
657 549 744 594 nunc
766 528 864 594 etiarn
886 527 1041 593 admonet
1063 528 1157 611 quale
1211 528 1317 594 deret:
1354 527 1569 608 corporalibus
1600 548 1672 593 cero
1704 530 1859 594 remediis
1890 529 2030 593 medam
2062 533 2191 594 murus

181 623 255 688 aliis
269 618 456 702 exemplum
476 618 648 683 conveniat
667 615 753 679 dere.
790 613 1022 679 Laborandum
1046 623 1157 678 autem
1209 634 1350 696 operam,
1380 633 1419 677 ue
1441 614 1571 695 pietalis
1595 614 1735 680 studium
1757 615 1929 696 impediant
1948 614 1997 681 uel
2017 619 2187 681 morentur.

180 708 216 771 in
246 707 364 788 pietate
401 724 470 769 esse
500 704 602 769 docet.
657 701 742 766 Nam
777 721 877 783 quum
908 700 1001 783 dicit,
1032 719 1156 777 exerce,
1298 699 1383 780 Qisae
1407 701 1637 780 promissiones
1666 699 1786 765 babeat.
1831 699 1969 766 Summa
1998 699 2187 783 consolatio,

182 792 345 876 signifieat
372 791 457 855 hane
479 810 550 854 esse
571 789 693 853 iustam
717 787 977 868 occupationem,
1006 782 1067 850 hoc
1090 794 1157 849 stu·
1209 784 1293 867 quod
1324 785 1415 850 Deus
1452 803 1613 867 nusquam
1651 785 1763 850 deesse
1800 787 1863 870 piis
1891 785 1978 851 velit.
2031 786 2119 851 Nam
2150 798 2189 852 ut

181 877 280 954 dium,
315 877 400 941 hanc
434 894 560 940 euram:
595 895 632 939 ac
665 872 692 937 si
723 872 859 937 diceret:
895 892 960 936 non
991 878 1042 936 est
1071 869 1157 952 quod
1209 870 1441 954 perlectionem
1464 875 1609 935 nostram
1631 870 1665 935 in
1689 873 1809 953 pietate
1831 879 2000 951 statuerat,
2028 873 2075 938 ite
2098 893 2188 939 nune

179 964 301 1028 frustra
322 962 357 1025 in
380 960 452 1026 aliis
475 972 507 1024 te
530 959 662 1043 fatiges:
685 978 850 1023 summum
874 976 991 1040 operae
1015 957 1156 1037 pretium
1209 977 1280 1022 eam
1315 956 1392 1022 lacit
1423 976 1521 1022 verae
1550 955 1717 1022 felicitatis
1753 957 2040 1041 complementum.
2099 956 2189 1039 Qua

180 1050 325 1114 lauturus
340 1068 384 1125 ee,
408 1047 434 1110 si
451 1055 519 1111 toto
534 1045 653 1110 aflectu
670 1051 799 1126 totaque
822 1044 975 1107 facultate
997 1042 1031 1104 in
1056 1062 1156 1105 unam
1209 1053 1318 1106 autem
1349 1041 1481 1106 initium
1511 1041 1673 1107 felicitatis
1702 1051 1752 1107 est
1780 1044 1815 1107 in
1847 1043 1907 1108 hac
1939 1044 2017 1124 vita,
2050 1042 2125 1108 ideo
2147 1042 2188 1108 ad

180 1135 334 1218 pietatem
356 1132 537 1198 incumbas.
570 1130 746 1197 Caeterum
769 1128 899 1194 nomine
921 1127 1086 1210 pietatis
1108 1127 1157 1191 in·
1210 1129 1446 1210 huncquoque
1468 1127 1618 1192 extendit
1640 1129 1873 1212 promissiones
1895 1128 2028 1195 divinae
2051 1129 2188 1213 gratiae,
2227 1203 2231 1210 ,

180 1219 298 1302 telligit
325 1218 529 1301 spiritualem
557 1216 622 1280 Dei
651 1215 775 1281 cultum
807 1214 861 1297 qui
890 1215 1014 1295 positas
1042 1218 1093 1276 est
1123 1214 1157 1276 iu
1209 1233 1293 1296 quae
1320 1212 1408 1279 solae
1436 1233 1496 1277 noe
1519 1212 1665 1279 alliciunt
1686 1214 1807 1290 beatos,
1837 1225 1869 1279 et
1892 1213 1963 1280 sine
1985 1216 2105 1298 quibus
2135 1236 2188 1280 su·

181 1326 264 1388 pura
278 1305 489 1371 conscientia:
513 1301 598 1385 quod
621 1300 737 1366 melius
759 1321 802 1364 ex
823 1299 1034 1381 sequentibus
1056 1305 1156 1378 patet,
1210 1322 1281 1366 mus
1314 1299 1497 1364 miserrimi.
1555 1298 1640 1364 Nam
1670 1299 1763 1366 Deus
1799 1302 1833 1365 in
1870 1301 1931 1365 hec
1958 1321 2087 1384 quoque
2121 1302 2190 1368 vite

181 1390 259 1457 dum
293 1390 341 1455 illi
374 1388 548 1471 opponitur
580 1386 757 1469 corporalis
790 1386 988 1449 exercitatio.
1045 1382 1157 1466 Neque
1209 1405 1244 1451 se
1274 1384 1368 1451 nobis
1402 1385 1469 1449 lore
1498 1394 1623 1468 patrem
1653 1393 1801 1451 testatur.
1847 1386 1973 1450 Verum
2001 1387 2191 1453 memineri-

179 1477 268 1541 enim
296 1477 438 1558 corporis
469 1472 734 1540 exercitationem
764 1471 933 1536 constituit
962 1477 1020 1535 aut
1042 1469 1077 1532 in
1100 1490 1156 1534 ve·
1209 1492 1297 1551 mus,
1331 1472 1417 1535 inter
1450 1469 1534 1535 bana
1567 1471 1653 1536 vitae
1685 1472 1866 1554 praesentis
1899 1482 1932 1536 et
1962 1473 2091 1538 laturae
2121 1471 2189 1538 dis·

180 1571 272 1640 nato,
301 1571 359 1626 aut
387 1562 420 1624 in
450 1582 559 1641 cursu,
589 1570 647 1623 aut
676 1559 711 1621 in
741 1557 893 1634 fossione,
923 1565 980 1620 aut
1001 1556 1037 1620 in
1059 1554 1156 1635 lucta,
1208 1577 1351 1622 cernere.
1392 1556 1476 1620 Nam
1498 1565 1634 1622 eatenus
1656 1556 1750 1622 nobis
1772 1557 1932 1624 beneiaeit
1955 1557 2043 1623 Deus
2065 1558 2100 1622 in
2122 1559 2187 1624 hoo

181 1655 239 1713 aut
267 1648 303 1710 in
331 1644 500 1712 laboribus
531 1644 745 1711 mechanicis:
776 1641 832 1706 sed
863 1640 925 1707 hoc
949 1640 1079 1705 nomine
1100 1661 1157 1722 ap·
1208 1642 1343 1722 mundo,
1366 1651 1550 1725 utgustum
1566 1642 1728 1708 duntaxat
1742 1664 1819 1708 suae
1837 1642 1992 1708 bonitatis
2013 1646 2185 1726 praebeat:

181 1732 284 1817 pellat
306 1752 516 1815 quaeeunque
544 1729 713 1814 religionis
735 1747 834 1794 eausa
856 1727 1077 1809 suscipiuntur
1098 1728 1179 1791 ea·⁴
1208 1741 1242 1792 et
1275 1729 1332 1793 tali
1362 1741 1462 1811 gustu
1491 1749 1553 1793 nos
1582 1727 1703 1793 alliciet
1733 1729 1773 1792 ad
1804 1728 1992 1794 coelestium
2023 1731 2180 1795 bonorum

182 1831 295 1884 ternae
329 1818 488 1882 actiones:
521 1826 559 1880 ut
589 1826 665 1880 sunt
710 1813 857 1897 vigiliae,
898 1812 997 1897 longa
1036 1811 1155 1888 inedia,
1208 1814 1418 1892 desiderium,
1453 1823 1488 1877 ut
1520 1815 1554 1879 in
1587 1812 1653 1878 illis
1685 1815 1936 1896 acquiescamus.
1988 1815 2041 1880 Ita
2073 1816 2113 1880 fit
2143 1826 2181 1880 ut

180 1905 273 1970 humi
288 1904 428 1981 cubatio,
451 1908 485 1967 et
506 1902 634 1966 similia.
671 1900 878 1981 Quamquam
903 1900 954 1963 hic
976 1917 1041 1961 non
1064 1907 1156 1962 taxat
1208 1898 1292 1963 bena
1322 1900 1502 1981 praesentis
1532 1900 1620 1964 vitae
1643 1921 1706 1964 uon
1731 1901 1825 1963 modo
1848 1901 2003 1982 permista
2025 1901 2093 1966 sint
2114 1900 2184 1984 plu·

181 1991 439 2072 superstitiosam
466 2008 578 2052 earum
601 2007 710 2050 rerum
733 1984 1008 2049 observationem:
1037 1982 1156 2066 alioqui
1208 1986 1299 2050 rimis
1332 1985 1515 2058 aerumnis,
1553 1985 1609 2050 sed
1642 1987 1734 2068 quasi
1767 1984 1891 2050 obruta.
1947 1986 2063 2070 Neque
2096 1988 2185 2052 enim

181 2078 215 2140 in
247 2089 351 2138 totum
383 2073 565 2138 damnaret:
597 2069 866 2153 quemadmodum
896 2071 929 2133 in
956 2068 1093 2151 epistola
1115 2069 1155 2133 ad
1208 2070 1301 2136 nobis
1323 2069 1460 2153 expedit·
1477 2071 1531 2135 hio
1553 2071 1730 2151 abundare,
1756 2093 1797 2134 ne
1821 2072 2036 2138 luxuriemur.
2082 2074 2187 2138 Porro

176 2161 388 2231 Colossensee
417 2157 460 2244 (2,
484 2158 540 2242 21)
567 2157 652 2223 lacit.
699 2156 795 2220 Nunc
817 2164 925 2219 autem
950 2166 1077 2218 tantum
1101 2176 1156 2219 ex·
1208 2157 1349 2239 nequis
1376 2177 1509 2238 operum
1538 2156 1656 2222 merita
1678 2157 1756 2223 hine
1778 2157 1900 2232 efferat,
1936 2158 2115 2223 tenendum
2139 2165 2187 2223 est

182 2251 306 2322 tenuat,
335 2245 524 2322 admonens,
552 2262 616 2307 non
641 2241 778 2306 multum
802 2242 964 2322 prodesse.
1009 2240 1098 2323 Ergo
1121 2249 1178 2308 ut,
1209 2242 1382 2325 quodiam
1406 2242 1559 2325 diximus,
1585 2244 1740 2326 pietatem
1765 2264 1829 2308 non
1852 2241 1947 2308 modo
1968 2243 2088 2309 bonam
2111 2265 2187 2311 oon·

180 2332 322 2397 maxime
344 2331 473 2414 integer
495 2332 537 2393 sit
560 2329 698 2405 animus,
730 2337 763 2391 et
794 2332 904 2392 rectus
932 2327 1021 2391 linis:
1045 2331 1156 2390 tamen
1204 2329 1377 2394 scientiam
1401 2347 1479 2411 erga
1502 2328 1650 2394 homines
1671 2347 1709 2392 ac
1731 2330 1794 2393 Dei
1817 2330 1976 2406 timorem,
2006 2331 2063 2394 sed
2087 2331 2185 2395 fidem

180 2420 214 2483 in
247 2416 392 2481 externis
426 2416 608 2480 actionibus
643 2413 725 2478 nihil
759 2413 881 2495 reperit
914 2411 1037 2476 Paulus
1070 2412 1155 2494 quod
1208 2434 1338 2496 queque
1360 2424 1393 2478 et
1414 2413 1654 2479 invocationem
1676 2415 1856 2497 complecti.

181 2502 399 2586 magnifaciat.
455 2501 560 2565 Valde
602 2499 783 2564 necessaria
818 2496 1007 2562 admonitio.
1070 2497 1154 2562 Nam
1295 2500 1326 2564 9.
1353 2498 1477 2566 Fidelis
1504 2520 1613 2566 sumo.
1665 2500 1760 2567 Num
1783 2502 1818 2564 iu
1842 2502 2011 2566 sententiae
2040 2500 2185 2566 acuatu

181 2609 310 2671 semper
325 2587 506 2670 propendet
521 2585 662 2650 mundus
678 2588 710 2647 in
730 2584 817 2648 illam
838 2593 972 2666 partem,
997 2595 1033 2649 ut
1047 2583 1155 2647 Deum
1203 2586 1294 2669 pouit
1314 2586 1396 2667 quod
1416 2590 1487 2650 aule
1508 2586 1598 2651 initio
1614 2587 1662 2651 bis
1673 2586 1841 2669 praefatus
1858 2592 1918 2651 est:
1939 2587 2031 2669 idque
2045 2585 2185 2652 coasullo

182 2675 329 2740 externis
362 2673 523 2754 obsequiis
559 2671 638 2736 velit
670 2669 791 2736 colere:
825 2669 910 2753 quod
943 2680 993 2734 est
1023 2669 1156 2735 exitiale
1206 2672 1310 2752 faeere
1336 2673 1466 2748 uidetur,
1496 2671 1574 2754 quia
1594 2692 1668 2737 meu
1688 2672 1878 2738 madrariam
1898 2673 2091 2738 murem
2111 2671 2185 2737 sub-

182 2762 385 2842 figmentum.
431 2758 557 2823 Verum
583 2767 620 2822 ut
642 2775 774 2838 pravam
798 2754 943 2821 merendi
967 2755 1155 2838 opinionem
1204 2762 1309 2822 coelet
1363 2755 1526 2826 &aarum
1558 2777 1625 2822 non
1657 2757 1716 2823 abs
1749 2778 1785 2823 re
1818 2768 1909 2822 tanta
1942 2758 2186 2824 asseveratione

180 2846 340 2920 omittam,
361 2864 489 2926 semper
504 2845 569 2909 huc
584 2863 643 2907 nos
665 2842 751 2924 rapit
773 2856 899 2919 natura,
924 2850 960 2905 ut
983 2839 1155 2923 plusquam
1207 2843 1322 2906 utitur.
1364 2842 1425 2907 Est
1456 2844 1543 2907 enim
1574 2843 1776 2925 paradoxum
1804 2844 1898 2908 valde
1927 2864 2081 2927 pugnans
2111 2863 2185 2909 cum

181 2940 319 3012 oportet,
350 2928 530 2994 tribuamus
560 2939 708 2993 austerae
739 2926 870 2991 vivendi
895 2926 1031 2992 formae:
1062 2925 1155 3008 quasi
1207 2948 1306 2993 sensu
1329 2928 1446 3011 earnis,
1471 2929 1578 2993 Deum
1602 2929 1672 2994 suis
1693 2931 1728 2994 iu
1751 2930 1814 2995 hoe
1836 2929 1958 2994 munde
1977 2929 2185 3013 suppeditare

182 3029 267 3082 esset
305 3036 369 3080 non
404 3015 548 3098 vulgaris
585 3014 783 3078 christianae
819 3013 1004 3078 sanctitatis
1040 3012 1154 3094 portio.
1206 3032 1290 3096 quae
1312 3013 1353 3079 ad
1376 3014 1469 3079 beate
1484 3021 1517 3078 et
1532 3014 1669 3079 feliciter
1683 3014 1861 3081 vivendum
1879 3015 2060 3097 pertinent:
2085 3035 2185 3098 quum

183 3101 286 3170 Cuius
314 3103 361 3166 rei
391 3121 456 3165 non
486 3108 590 3182 petest
619 3099 732 3165 haberi
762 3100 884 3165 certius
914 3099 1155 3177 documentum,
1206 3119 1442 3184 saepenumero
1473 3098 1621 3164 destituti
1650 3101 1718 3166 sint
1743 3099 1837 3166 benis
1859 3099 2019 3180 omnihus,
2047 3100 2184 3183 ideoque

182 3208 280 3270 quam
303 3188 386 3269 quod
410 3205 523 3252 reeens
545 3186 651 3251 adhuc
675 3184 838 3271 publicata
862 3185 923 3250 hoo
945 3183 1061 3261 edicto,
1095 3184 1153 3249 im·
1208 3197 1365 3268 putentur
1394 3186 1507 3250 aDec
1534 3182 1658 3252 abiecti.
1704 3188 1794 3271 Ergo
1824 3204 1892 3250 non
1914 3194 2086 3252 contentus
2106 3189 2185 3252 sim·

180 3273 310 3338 modica
341 3284 448 3337 tamen
476 3274 525 3336 sui
548 3272 764 3338 admiratione
787 3277 891 3335 totum
915 3269 1074 3334 mundum
1098 3269 1154 3335 ob·
1207 3271 1282 3353 plici
1312 3271 1469 3349 doctrina,
1500 3271 1560 3336 hoo
1585 3271 1687 3337 veluti
1717 3271 1831 3357 clypeo
1861 3273 2042 3338 contraries
2068 3292 2182 3338 omnes

180 3357 351 3441 stupefecit
367 3359 473 3422 inanis
488 3359 702 3440 corporalium
726 3356 996 3421 exercitationum
1020 3355 1154 3439 species.
1207 3359 1404 3422 tentationes
1427 3357 1611 3440 propulsat:
1634 3363 1724 3440 alque
1740 3359 1795 3426 boe
1809 3358 1898 3424 mode
1912 3357 2020 3438 fideles
2033 3358 2182 3436 admorrel,

179 3444 262 3509 Inde
292 3442 515 3520 monachatus,
544 3454 576 3508 et
606 3455 672 3506 tota
704 3443 770 3505 lere
793 3443 1012 3524 praestantior
1034 3442 1154 3507 veteris
1205 3448 1241 3508 ul
1257 3443 1389 3508 murram
1405 3445 1552 3523 aperiant
1565 3441 1631 3509 Dei
1642 3447 1766 3528 praliae
1779 3464 1875 3527 quam
1888 3443 2063 3525 infidelitas
2075 3449 2183 3511 madre

182 3528 336 3596 eeclesiae
377 3528 564 3610 disciplina:
603 3529 718 3593 saltem
756 3548 839 3609 quae
876 3527 965 3610 vulgi
1002 3529 1155 3611 opinione
1199 3529 1390 3610 praecludit.
1435 3527 1523 3594 Nam
1550 3534 1628 3594 certe
1654 3531 1686 3594 si
1715 3530 1932 3611 beneficiorum
1957 3529 2023 3596 Dei
2049 3548 2183 3597 essemus

180 3617 325 3680 maximo
347 3617 379 3677 in
403 3616 507 3695 pretio
536 3613 724 3679 habebatur.
771 3613 844 3677 Nisi
873 3613 1016 3685 divinam
1045 3614 1153 3679 nescio
1205 3621 1352 3695 capaces,
1366 3612 1529 3679 liberalius
1551 3614 1708 3681 nobiseum
1728 3622 1842 3700 eperat

180 3721 291 3783 quarn,
312 3713 368 3766 aut
392 3701 572 3783 angelicam
597 3701 827 3784 perlectionem
851 3699 1070 3764 somniassent
1088 3718 1154 3763 mo·
1292 3699 1343 3764 10.
1374 3698 1462 3764 Nam
1496 3701 1532 3765 iu
1563 3700 1618 3767 boe
1651 3701 1841 3767 laboramus.
1895 3700 2100 3784 Anticipatie
2134 3709 2182 3765 est

179 3787 278 3852 nachi
309 3796 434 3852 veteres
466 3787 500 3850 in
530 3807 589 3851 sua
620 3785 676 3850 illa
706 3795 836 3850 austera
866 3784 1000 3848 vivendi
1032 3804 1154 3863 norma,
1206 3807 1269 3869 qua
1295 3785 1394 3850 solvit
1414 3784 1506 3850 illam
1528 3786 1762 3869 quaestionem,
1784 3785 1907 3864 fideles,
1930 3787 2008 3868 quia
2030 3807 2182 3870 preman-

179 3891 348 3954 nunquam
364 3883 453 3937 tanto
476 3870 593 3936 ardore
616 3890 686 3936 eam
710 3871 933 3952 expetiissent.
965 3869 1036 3933 Nisi
1055 3870 1153 3933 etiam
1206 3885 1260 3935 tur
1282 3891 1379 3936 omne
1396 3891 1500 3955 genus
1518 3873 1692 3950 aerumnis,
1715 3874 1862 3938 omnium
1879 3893 1951 3938 esse
1970 3873 2182 3939 miserrimos.

179 3959 254 4042 plus
269 3978 373 4040 aequo
388 3958 615 4023 aestimassent
629 3964 777 4039 pastores
793 3956 927 4021 usitatos
942 3955 1155 4021 macerandae
1206 3957 1295 4042 Ergo
1328 3966 1366 4020 ut
1398 3956 1548 4023 ostendat
1581 3976 1648 4022 non
1682 3956 1798 4025 debere
1832 3959 1871 4024 ab
1905 3969 2042 4023 externa
2075 3958 2181 4041 speeie

180 4045 288 4110 carnis
304 4046 398 4125 ritus,
422 4064 587 4125 nunquam
606 4045 639 4107 in
656 4042 721 4107 illis
737 4042 906 4125 exigendis
928 4045 1064 4107 luissent
1086 4054 1153 4105 tem
1205 4044 1370 4108 aestimari
1393 4063 1505 4107 eorum
1523 4043 1750 4128 oonditionem,
1772 4054 1903 4126 separat
1920 4065 1976 4108 eos
1994 4065 2014 4109 a
2031 4043 2181 4126 reliquis:

180 4131 286 4214 rigidi.
318 4127 405 4209 Quid
429 4142 536 4193 antem
553 4129 678 4194 Paulus
700 4127 834 4195 eontra?
859 4129 912 4193 ubi
936 4148 971 4192 ss
993 4128 1152 4211 quispiam
1206 4131 1348 4212 primum
1369 4128 1405 4192 in
1427 4147 1535 4206 eausa,
1563 4129 1680 4194 deinde
1701 4130 1736 4195 iu
1759 4131 1859 4195 exitu.
1903 4129 2001 4196 Unde
2023 4130 2183 4212 sequitur,

181 4215 235 4280 diu
249 4216 282 4279 in
299 4213 364 4279 illis
383 4213 588 4296 multumque
609 4215 807 4299 fatigaverit,
829 4214 985 4296 exiguum
1008 4224 1153 4279 tenuem·
1205 4213 1289 4278 nihil
1322 4213 1386 4280 illis
1419 4213 1573 4280 desedere
1605 4236 1646 4280 ex
1680 4214 1948 4299 promissionibus
1977 4235 2059 4298 quas
2089 4216 2181 4291 dixit,

180 4322 242 4382 que
272 4301 451 4384 profectum
482 4299 559 4364 lore.
616 4298 702 4365 Sunt
732 4301 819 4366 enim
852 4299 985 4364 nonnisi
1020 4297 1154 4380 puerilis
1205 4320 1305 4382 quum
1338 4299 1435 4364 rebus
1462 4301 1609 4366 adversis
1638 4310 1811 4367 vexantur.
1855 4300 1995 4367 Summa
2024 4307 2086 4384 eet,
2115 4321 2182 4366 non

179 4385 368 4467 disciplinae
394 4386 589 4450 rudimenta.
1206 4404 1276 4449 esse
1300 4386 1434 4450 miseros
1457 4383 1570 4451 fideles
1592 4387 1626 4451 in
1644 4387 1885 4465 afflictionibus,
1907 4387 1986 4469 qnia
2003 4386 2181 4452 benacan·

267 4471 296 4537 8.
319 4472 365 4535 Ar
382 4473 486 4554 melas
507 4472 550 4537 ad
571 4471 677 4536 oruuio
697 4470 797 4536 utilis.
834 4469 907 4535 Hoc
929 4481 988 4553 est,
1011 4470 1066 4551 qui
1089 4470 1153 4553 pie·
1202 4469 1343 4542 ⁴seientia
1372 4491 1427 4535 eas
1455 4479 1627 4551 sustentat,
1657 4482 1691 4537 et
1719 4492 1852 4554 prosper
1878 4471 2049 4556 laetusque
2072 4472 2182 4538 exitus

180 4567 280 4623 tatem
298 4555 403 4640 habet,
426 4558 474 4623 illi
498 4557 581 4622 nihil
605 4557 704 4636 deest,
728 4557 854 4620 etiamsi
876 4567 985 4620 careat
1006 4556 1078 4621 istie
1100 4556 1154 4620 ad·
1205 4575 1261 4621 eos
1291 4567 1411 4621 manet.
1459 4555 1546 4635 Quia
1575 4564 1683 4622 autem
1715 4557 1851 4623 felicitas
1880 4560 1969 4623 ritae
1998 4559 2181 4642 praesentis

178 4642 355 4711 minieulis.
406 4643 490 4708 Nam
525 4644 629 4726 pietas
658 4663 694 4709 se
731 4642 801 4707 sola
836 4651 989 4706 contenta
1027 4651 1076 4706 est
1113 4641 1154 4706 ad
1207 4641 1329 4707 dnobus
1351 4643 1555 4725 potissimum
1573 4643 1728 4709 membris
1746 4648 1884 4727 constat,
1908 4643 2032 4710 honore
2047 4657 2081 4710 et
2094 4663 2181 4710 eom·

179 4731 318 4797 solidam
341 4729 583 4810 perlectionem.
629 4728 832 4812 Principium
855 4737 913 4805 eet,
943 4726 1098 4807 medium,
1122 4737 1154 4791 et
1206 4727 1429 4794 meditatibus:
1452 4729 1546 4810 ponit
1567 4729 1631 4795 duo
1653 4730 1825 4807 contraria,
1848 4727 2010 4795 labores
2032 4741 2067 4797 et
2088 4749 2180 4814 pro·

179 4817 256 4883 finis
284 4816 481 4881 christianae
502 4816 603 4890 ritae.
647 4814 726 4880 ldeo
749 4813 803 4879 ubi
826 4814 1040 4895 integrunt,
1071 4812 1154 4877 nihil
1206 4813 1332 4877 brum:
1355 4813 1462 4896 priore
1481 4815 1636 4880 vocabulo
1654 4814 1843 4899 significans
1859 4815 2068 4881 incommoda
2083 4836 2181 4899 quaa·

180 4913 230 4968 est
263 4900 425 4967 mutilum.
477 4900 631 4967 Christus
664 4922 728 4964 nan
763 4899 843 4964 adeo
871 4909 1035 4964 austeram
1065 4898 1153 4963 vitae
1205 4900 1257 4963 vis
1279 4909 1312 4963 et
1334 4899 1513 4964 molestias:
1537 4912 1573 4965 ut
1595 4910 1673 4965 sunt
1693 4909 1878 4984 paupertas,
1901 4901 2015 4984 frigas,
2038 4901 2181 4979 nuditas,

176 4988 338 5065 ¹rationem
370 4988 484 5069 tenuit,
515 5006 611 5068 quam
635 4985 798 5051 Iohannes
822 4985 985 5067 Baptista:
1018 5004 1059 5048 an
1082 4985 1154 5049 ideo
1204 4985 1317 5064 fames,
1340 4986 1448 5063 exilia,
1471 4986 1690 5068 spoliationes,
1713 4984 1852 5066 vincula,
1874 4986 2022 5070 verbera,
2045 5000 2081 5052 et
2098 4989 2182 5053 aliae

181 5070 247 5154 pilo
263 5072 424 5139 deterior?
462 5071 668 5149 summouit,
692 5069 945 5138 incumbendum
968 5090 1039 5136 esse
1062 5089 1153 5152 pror·
1205 5073 1485 5154 persequutiones.
1547 5071 1734 5138 Consolatio
1775 5072 1871 5151 haec,
1908 5092 2013 5155 spem
2056 5074 2183 5140 lixam

180 5177 237 5222 sus
267 5158 300 5220 in
332 5180 429 5223 unam
461 5158 634 5240 pietatem:
664 5159 739 5239 quia
767 5156 822 5222 ubi
851 5154 949 5221 semel
971 5175 1042 5220 eam
1066 5173 1153 5219 asse·
1205 5156 1394 5222 habemus
1424 5159 1462 5221 in
1491 5156 1571 5221 Deo
1601 5159 1779 5237 vivente,
1808 5157 1848 5222 ad
1875 5178 2007 5225 eausam
2028 5158 2183 5226 solemur.

180 5243 273 5329 qunti
292 5242 474 5326 fuerimus,
505 5243 591 5310 nihil
614 5242 705 5308 Deus
731 5243 766 5307 in
793 5242 885 5317 nohis
907 5240 1048 5323 amplius
1071 5238 1153 5305 desi·
1204 5241 1290 5307 Nam
1312 5241 1392 5308 adea
1416 5263 1481 5308 nou
1503 5264 1616 5309 sumas
1638 5244 1748 5311 miseri
1766 5264 1867 5327 quum
1885 5245 2030 5329 patimur
2046 5254 2183 5332 propter
