4762 6016
232 363 297 445 199
906 361 1050 429 amsa.
1073 361 1218 431 PAULI
1239 362 1305 443 AI)
1328 360 1559 438 arflsslos
2175 357 2243 425 200

234 562 322 629 iusta
353 569 387 625 et
419 559 503 631 haue
540 558 666 644 digesta
703 557 926 637 membrorum
962 577 1019 628 ooa
1043 557 1211 633 mentatio.
1264 557 1329 625 diei
1351 559 1423 625 esso
1444 556 1534 623 illam
1565 556 1803 634 neosssitatem,
1833 555 1927 624 dooet
1948 575 2051 638 usque
2079 555 2113 621 in
2136 555 2240 625 finem

232 643 331 731 Unde
351 642 450 715 etiam
473 665 533 730 pro
554 642 754 730 perleotione
775 643 925 719 sumitur.
969 641 995 710 S
1058 644 1212 726 quoniam
1262 651 1413 727 oportere
1435 642 1480 708 ιιι
1502 643 1581 708 fiori
1622 641 1686 709 Vol
1708 650 1747 707 ut
1763 640 1882 708 elarius
1904 640 2028 726 loquar,
2050 639 2104 707 hio
2125 640 2238 709 admo

232 732 288 799 hio
307 728 433 801 Paulus
462 740 586 800 statum
609 731 692 797 hone
720 738 754 795 et
774 729 890 796 ordino
919 729 1133 812 oompositom
1160 732 1211 795 in·
1263 739 1321 798 net
1353 749 1448 797 osum
1481 729 1654 796 ministerii
1684 748 1748 805 non
1782 747 1853 796 esse
1886 726 2107 812 temporalem,
2140 728 2239 794 ιιιιιιι

233 816 344 887 diosro
359 813 480 886 voluit:
502 815 585 887 mibi
600 815 706 901 magio
720 814 877 898 probatur
894 815 1093 882 eonstitutio.
1124 813 1211 883 Nam
1261 813 1485 899 paedagogiae
1506 813 1707 898 ouiospiam:
1736 813 1793 881 sed
1814 823 2008 898 perpetuum
2025 811 2180 896 quamdiu
2200 814 2239 879 iu

234 900 349 976 diuum
382 903 513 986 proprie
537 901 664 980 Leuni,
695 900 852 968 eonstitui
883 899 1120 984 rempublioam
1153 910 1212 967 aut
1263 899 1388 966 mundo
1409 921 1591 969 venamur.
1630 897 1804 968 Somniant
1825 901 1913 967 enim
1929 899 2059 966 sanatioi
2079 897 2239 983 homines,

234 1008 386 1075 reguum,
406 1000 464 1057 aut
485 987 697 1071 proviuoiam,
725 1007 825 1069 quum
847 1007 888 1052 ex
909 985 1123 1071 dissipatione
1145 1007 1213 1050 om·
1262 986 1378 1053 inutile
1400 1007 1471 1053 esse
1498 985 1727 1064 ministerium,
1760 987 1857 1053 simul
1879 993 1979 1069 atque
2000 984 2041 1051 ad
2064 983 2239 1057 Christum

234 1075 290 1142 nia
307 1074 342 1140 in
357 1082 482 1148 reatum
501 1078 535 1138 et
548 1073 734 1159 legitimum
756 1081 879 1140 statum
894 1071 1023 1139 restitui
1040 1072 1210 1156 oontiugit.
1262 1071 1440 1139 introduoti
1470 1072 1635 1139 fuerimus.
1681 1069 1830 1155 Superbi,
1858 1070 1914 1156 qui
1940 1069 2015 1153 plus
2044 1090 2157 1154 sapere
2181 1091 2239 1139 ro-

319 1158 363 1226 Iu
386 1179 465 1242 opum
487 1158 668 1226 ministerii.
712 1157 806 1227 Deus
835 1157 967 1241 quidem
996 1177 1056 1242 per
1083 1179 1118 1224 se
1148 1158 1210 1225 hoo
1262 1156 1336 1223 lunt
1364 1177 1461 1241 quam
1490 1167 1628 1241 oportet,
1656 1159 1749 1241 quasi
1779 1158 1917 1242 puerilia
1946 1156 2132 1223 rudimenta
2159 1175 2238 1223 oon·

233 1255 428 1331 praestaret,
457 1244 486 1313 si
508 1243 625 1311 vellet:
649 1242 711 1313 ‘sed
733 1243 793 1311 has
821 1251 931 1328 partes
955 1243 1123 1312 homiuum
1151 1245 1210 1311 mi·
1263 1253 1424 1311 temnunt.
1468 1243 1594 1309 Paulus
1616 1255 1725 1310 autem
1748 1243 1913 1322 reolamat,
1940 1241 2142 1326 pergendum
2164 1262 2238 1308 esse

232 1332 367 1399 nisterio
400 1329 575 1416 delegarit.
617 1329 762 1396 Proinde
795 1328 857 1397 hoo
886 1330 958 1396 vioe
987 1330 1209 1412 oooapationis
1261 1329 1298 1396 in
1321 1330 1383 1395 hoe
1403 1348 1510 1408 ouran,
1534 1330 1637 1396 donee
1659 1328 1800 1412 amplius
1821 1328 1906 1394 nihil
1928 1327 2022 1393 nohis
2044 1326 2146 1393 desit:
2173 1328 2238 1395 hoo

232 1426 284 1485 est
315 1415 481 1498 additum,
513 1437 556 1483 uo
575 1416 651 1499 quis
673 1415 851 1500 obstrepat,
883 1435 993 1481 annon
1023 1424 1130 1498 potest
1157 1435 1208 1482 eo·
1262 1425 1320 1491 est,
1354 1435 1455 1498 usque
1485 1415 1526 1480 ad
1555 1425 1695 1482 mortem
1723 1414 1959 1498 profioiendum
1993 1414 2041 1478 ita
2069 1433 2141 1480 osse
2173 1416 2237 1480 suh

231 1503 331 1579 alesia
370 1502 525 1570 eonstitui
564 1513 598 1567 ot
633 1502 697 1567 rite
734 1500 896 1581 ordinari,
935 1501 999 1566 nisi
1037 1499 1208 1567 homiuum
1261 1502 1358 1571 unios
1381 1501 1504 1567 Christi
1528 1500 1725 1584 magisterio,
1755 1510 1793 1567 ut
1815 1521 1882 1566 uon
1908 1497 2028 1583 pudeat
2048 1519 2110 1565 uos
2132 1498 2237 1567 eoole·

230 1590 354 1657 esra?
392 1586 531 1672 Requiri
553 1587 771 1654 ministerium
793 1585 918 1652 Paulus
941 1586 1042 1669 doust,
1064 1587 1140 1668 quia
1160 1587 1209 1651 ita
1260 1588 1328 1654 siae
1368 1608 1438 1654 esse
1478 1587 1671 1670 disoipulos,
1714 1588 1767 1655 oui
1806 1592 1918 1669 partes
1961 1586 2040 1652 istas
2079 1585 2239 1652 Christus

231 1609 339 1757 piaoet
368 1673 450 1741 Deo.
495 1673 561 1739 Pro
594 1693 633 1739 so
661 1669 746 1757 quod
780 1672 909 1737 dixerat
940 1671 1207 1738 eonstitutionem
1260 1673 1438 1739 mandavit.

230 1770 429 1842 sanatorum,
450 1779 529 1840 mox
559 1758 729 1843 subiungit
749 1757 1092 1827 aedifioationem
1116 1777 1207 1823 oor·
1345 1759 1388 1824 Iu
1409 1759 1559 1826 onmem
1577 1759 1663 1841 fidoi.
1713 1756 1778 1825 Sed
1812 1777 1921 1824 annon
1943 1759 2055 1823 statim
2078 1757 2118 1822 ab
2140 1756 2239 1824 initio

230 1847 347 1929 poris
369 1842 549 1924 Christi,
571 1843 684 1911 eodem
706 1863 814 1910 seusu.
858 1842 943 1910 Nam
967 1842 1024 1908 illa
1052 1853 1101 1908 est
1125 1843 1206 1926 legi·
1259 1844 1515 1928 regnaredabet
1535 1848 1623 1911 inter
1645 1865 1705 1911 nos
1727 1844 1803 1910 fidei
1825 1842 1958 1909 unitas?
2001 1843 2135 1927 Regnat
2161 1844 2238 1926 qui·

231 1933 314 1996 uma
343 1934 457 1999 nostra
485 1931 552 1995 inte
595 1931 656 1995 ἰιι
685 1937 719 1996 et
745 1928 909 2011 perieotio,
940 1931 967 1995 si
989 1928 1207 1995 ooalesoamus
1260 1930 1333 1995 dem
1356 1931 1487 2015 (fateor)
1513 1931 1599 1997 inter
1620 1930 1684 1997 Dei
1711 1930 1812 1996 filios:
1843 1929 1900 1996 sed
1929 1928 2075 1994 nondum
2105 1928 2151 1993 ιιι
2180 1929 2240 1995 ab·

230 2036 346 2083 omnes
375 2016 409 2080 in
431 2036 534 2082 unum
587 2014 684 2081 hristi
706 2033 833 2097 eorpus.
877 2014 953 2080 Non
975 2015 1083 2096 potuit
1104 2015 1206 2080 hono·
1258 2015 1365 2081 solute
1392 2026 1430 2083 ut
1462 2015 1523 2081 sibi
1557 2029 1671 2082 mutuo
1703 2017 1914 2082 ooourrerint
1959 2015 2044 2080 Nam
2077 2014 2237 2080 intanta

230 2101 412 2168 rifioentius
448 2101 540 2169 verbi
576 2102 795 2173 ministerium
832 2100 1074 2180 oommendaro,
1110 2120 1207 2183 quam
1260 2115 1397 2168 naturae
1419 2102 1640 2169 imbecillitate
1667 2103 1746 2169 satis
1768 2113 1827 2178 est,
1856 2102 1885 2166 si
1914 2101 2019 2184 magis
2041 2102 2075 2165 in
2098 2100 2167 2166 dies
2195 2120 2236 2166 ao

230 2187 309 2255 dum
332 2186 421 2255 huno
452 2188 500 2254 illi
530 2187 683 2255 effoetum
711 2187 835 2252 tribuit.
880 2185 968 2267 Quid
995 2186 1083 2252 enim
1113 2207 1206 2269 prae·
1259 2189 1364 2271 magis
1386 2189 1442 2254 alii
1469 2187 1551 2267 aliis,
1580 2198 1613 2253 et
1643 2209 1755 2254 omnes
1783 2187 1880 2254 simul
1903 2185 2035 2252 Christo
2066 2183 2236 2253 aooedaut.

231 2273 373 2340 stantius
400 2294 496 2357 quam
522 2273 677 2340 eonstitui
701 2271 824 2338 Christi
847 2272 1025 2348 molosiam.
1057 2281 1094 2338 ut
1122 2274 1208 2338 iusta
1258 2274 1385 2341 Nomou
1408 2277 1496 2341 enim
1519 2293 1672 2342 oeoursus
1694 2273 1910 2342 arotissimam
1942 2271 2032 2336 illam
2054 2271 2237 2356 colligatio·

230 2379 290 2427 sua
327 2368 361 2424 et
396 2358 539 2442 perieota
575 2358 765 2442 integritate
802 2357 950 2424 oonstet?
999 2358 1101 2440 Atqui
1138 2367 1206 2423 tam
1258 2380 1334 2425 nem
1346 2360 1518 2446 signifieat,
1530 2361 1572 2427 ad
1587 2381 1685 2442 quam
1703 2359 1810 2425 adhoo
1825 2357 2038 2442 adspiramus
2060 2376 2234 2441 uunquam

229 2442 435 2527 praeolarum
464 2464 545 2528 opos
574 2453 609 2509 et
642 2443 792 2511 divinum
815 2453 951 2510 externo
977 2442 1068 2509 verbi
1095 2444 1207 2510 minis·
1258 2448 1496 2529 perveniemus,
1529 2448 1595 2513 uisi
1627 2466 1727 2513 earne
1760 2445 1821 2511 hao
1853 2444 1956 2526 exuti,
1990 2463 2072 2527 quae
2104 2462 2238 2526 semper

230 2531 313 2603 torio
335 2529 446 2613 perflui
469 2529 635 2615 apostolus
656 2529 710 2595 hio
735 2528 911 2612 praedieat.
956 2528 1053 2597 Unde
1079 2548 1135 2595 eos
1158 2531 1206 2595 in·
1258 2533 1371 2599 multis
1394 2535 1599 2618 ignorantiae
1621 2542 1655 2597 et
1677 2530 1916 2599 ineredulitatis
1934 2528 2078 2612 reliquiis
2099 2540 2149 2595 est
2171 2530 2235 2593 im·

229 2617 340 2682 sanire
367 2617 475 2698 palam
506 2627 565 2694 est,
594 2615 651 2698 qui
679 2617 852 2698 praeterito
881 2614 943 2681 hoo
971 2614 1078 2680 medio
1106 2637 1141 2680 se
1170 2617 1204 2680 in
1258 2618 1379 2701 plieita.
1418 2618 1512 2700 Quod
1532 2621 1678 2702 sequitur
1696 2618 1736 2683 de
1757 2616 2005 2699 ooguitione
2027 2615 2116 2681 lilii
2139 2612 2237 2699 Dei,

229 2700 364 2788 Christo
387 2703 545 2786 persuetus
567 2703 634 2766 loro
656 2711 800 2784 sperant.
844 2700 1036 2768 Cuiusmodi
1058 2712 1136 2765 sunt
1157 2702 1205 2766 la·
1258 2706 1425 2786 exegetioe
1447 2706 1587 2788 positum
1609 2704 1769 2770 existimo.
1813 2701 1929 2767 Voluit
1956 2703 2044 2766 enim
2067 2700 2236 2783 apostolos

229 2787 330 2853 natioi
352 2788 409 2869 qui
431 2807 569 2854 aroanas
590 2786 725 2869 spiritus
742 2787 959 2853 revelationes
980 2786 1042 2854 sibi
1057 2787 1205 2871 fingunt:
1243 2793 1422 2873 ‘exponere
1445 2811 1603 2874 quaenam
1631 2795 1675 2855 sit
1705 2809 1782 2854 vera
1804 2787 1895 2864 fides,
1926 2796 1959 2852 et
1981 2788 2036 2852 ubi
2059 2786 2234 2853 consistat:

230 2881 264 2938 et
285 2871 417 2955 superbi
439 2875 493 2956 qui
521 2873 681 2956 privatam
709 2873 890 2955 seripturao
912 2872 1084 2940 lectionem
1111 2873 1203 2938 sulii·
1258 2897 1377 2958 nempe
1399 2897 1499 2960 qonm
1520 2876 1607 2942 filius
1622 2875 1684 2940 Dei
1707 2874 1921 2959 eognosoitur.
1961 2873 2047 2938 Nam
2066 2872 2100 2937 in
2122 2873 2236 2954 ipsum

229 2978 304 3025 oere
326 2958 388 3026 sibi
410 2967 537 3042 putant,
560 2967 599 3023 ut
621 2957 704 3023 nihil
724 2957 895 3042 indigeant
916 2960 1079 3025 communi
1102 2957 1204 3025 eoole·
1257 2962 1363 3027 solum
1388 2965 1550 3045 respioere
1571 2961 1666 3027 debet
1689 2958 1778 3041 tides,
1800 2959 1919 3026 abillo
1941 2959 2093 3042 pondero,
2117 2959 2151 3022 in
2175 2957 2236 3024 illo

230 3045 298 3110 siae
319 3043 512 3111 ministerio.
556 3043 642 3109 Nam
664 3045 692 3109 si
715 3042 869 3111 eoolesiae
890 3045 1071 3111 aedifioatio
1094 3062 1114 3108 a
1135 3050 1204 3114 solo
1256 3049 1421 3130 quiesoero
1443 3061 1475 3112 ot
1500 3047 1660 3115 oouoludi.
1706 3047 1801 3113 Ultra
1829 3046 1857 3110 si
1887 3045 2010 3117 tendat,
2041 3056 2235 3111 evanesoet:

228 3129 364 3196 Christo
387 3139 453 3197 est:
476 3130 581 3230 ipsius
599 3131 696 3196 etiam
711 3150 792 3195 sane
806 3138 855 3196 est
873 3131 1092 3213 praesoribere
1106 3157 1203 3219 quam
1257 3154 1361 3216 neque
1383 3134 1523 3216 amplius
1545 3134 1608 3199 erit
1623 3134 1712 3209 fides,
1734 3132 1790 3197 sed
1807 3130 1943 3197 iallaoia.
1980 3130 2237 3196 Meminerimus

229 3215 420 3298 aedifioandi
435 3225 596 3283 rationem
614 3237 684 3282 esse
699 3213 789 3280 velit.
826 3216 952 3282 Paulus
967 3228 1076 3284 autem
1092 3232 1205 3305 aperte
1257 3240 1344 3302 ergo,
1366 3241 1480 3285 veram
1503 3220 1600 3286 fidem
1624 3221 1670 3283 ita
1692 3222 1725 3284 in
1742 3217 1874 3284 Christo
1894 3219 2064 3294 eontinori,
2087 3229 2123 3280 ut
2138 3236 2235 3297 prae·

228 3301 283 3368 hio
302 3309 450 3382 testatur,
474 3324 538 3367 oon
557 3302 621 3368 alio
639 3301 746 3379 modo,
770 3301 946 3370 seeundum
962 3304 1088 3371 Christi
1110 3329 1203 3390 prae·
1257 3316 1307 3370 ter
1329 3327 1404 3370 eum
1427 3306 1509 3370 nihil
1533 3307 1625 3388 soiat,
1647 3306 1791 3388 adeoque
1814 3325 1874 3368 neo
1895 3305 1978 3369 seire
2000 3311 2141 3386 appetat.

228 3387 398 3469 seriptum,
422 3391 485 3453 rite
507 3388 728 3471 ooagmentari
750 3407 810 3453 nos
832 3400 866 3453 et
887 3391 1008 3471 perflui,
1029 3412 1128 3474 quam
1147 3415 1205 3477 per
1341 3391 1385 3457 In
1412 3393 1516 3457 mrum
1534 3391 1711 3476 perfeetum.
1758 3390 1952 3473 appositiva
1973 3389 2151 3472 legendum
2173 3404 2237 3470 est,

227 3485 400 3539 externam
423 3472 707 3556 praedicationem.
730 3472 882 3557 damper
899 3473 1206 3560 hominospatimur
1256 3500 1294 3543 ao
1316 3479 1344 3543 si
1367 3479 1518 3543 dixisset:
1548 3498 1632 3561 quae
1665 3488 1715 3542 est
1736 3475 1853 3540 ultima
1873 3474 2137 3541 Christianorum
2161 3494 2236 3557 per·

227 3580 288 3629 uos
322 3560 391 3644 regi
423 3579 460 3625 ae
493 3558 611 3625 dooeri.
659 3558 753 3626 Haeo
780 3561 977 3627 universalis
1006 3573 1056 3629 est
1084 3567 1205 3648 regula,
1256 3564 1362 3629 leutio.
1404 3564 1450 3628 Et
1473 3585 1532 3630 our
1543 3561 1649 3630 istud?
1665 3563 1741 3645 quia
1755 3574 1805 3627 est
1820 3560 1918 3643 plena
1933 3574 2023 3626 aetas
2039 3561 2072 3625 in
2088 3559 2236 3628 Christo.

227 3666 310 3727 quae
334 3655 402 3709 tam
425 3643 467 3709 ad
489 3664 633 3713 summos
662 3666 760 3728 quam
782 3646 823 3710 ad
850 3644 980 3713 infimos
1005 3650 1203 3715 extenditur.
1257 3650 1371 3731 Neque
1394 3651 1480 3714 enim
1502 3650 1596 3715 stulti
1619 3648 1768 3713 homiues
1790 3649 1824 3711 in
1843 3646 1977 3713 Christo
2000 3646 2238 3730 perieotiouem

227 3731 273 3796 Et
302 3738 390 3796 uerte
424 3730 559 3798 eoelesia
589 3733 773 3797 eommunis
805 3741 856 3798 ast
897 3733 1025 3816 piorum
1057 3737 1204 3802 omnium
1257 3756 1349 3800 suam
1384 3746 1549 3817 quaerunt
1581 3744 1617 3799 ut
1651 3735 1794 3800 deeebat.
1838 3732 1905 3799 Sed
1939 3735 2025 3798 iuter
2054 3751 2113 3797 nos
2145 3733 2239 3799 istud

228 3831 345 3899 mater,
369 3837 452 3900 quae
474 3829 542 3882 tam
565 3837 660 3901 reges
682 3837 781 3899 quam
804 3816 945 3900 plebeios
959 3821 1067 3906 gignit
1087 3822 1120 3886 in
1136 3820 1204 3887 Do·
1257 3821 1454 3903 prinoipium
1479 3822 1588 3887 valere
1610 3819 1715 3899 debet,
1739 3819 1821 3885 nihil
1843 3838 1914 3885 esse
1936 3830 2029 3885 extra
2052 3816 2238 3895 Christum,

227 3903 329 3979 mino,
352 3903 458 3966 nutrit
480 3914 513 3968 et
534 3903 714 3987 gubernat:
738 3903 824 3985 quod
839 3903 879 3967 fit
896 3905 1086 3973 ministerio.
1123 3907 1204 3973 Pro·
1257 3907 1323 3972 nisi
1350 3908 1485 3973 noxium
1515 3918 1549 3971 et
1582 3906 1722 3972 exitiale.
1767 3904 1924 3988 Quisquis
1946 3925 2024 3988 ergo
2048 3903 2099 3968 vir
2119 3915 2170 3968 est
2199 3905 2237 3969 in

226 3989 302 4052 inde
319 4007 419 4070 supra
433 3986 602 4054 Christum
615 4008 729 4074 sapere
744 3989 937 4073 volunt,qui
953 3991 1041 4059 huno
1057 3992 1205 4058 ordinem
1257 3991 1400 4072 Christo,
1428 3991 1482 4057 ille
1511 3993 1641 4058 demum
1670 3993 1759 4057 omni
1786 4014 1827 4056 ex
1856 3999 1948 4073 parte
1978 4000 2027 4054 est
2054 3987 2238 4055 absolutus.

228 4073 281 4138 vel
314 4073 497 4161 negligunt,
532 4072 584 4139 vel
613 4084 835 4142 oontemnunt.
892 4075 1112 4157 Quamobrem
1144 4099 1206 4144 vae
1257 4082 1385 4144 Aetas
1408 4076 1694 4160 plenitudinis
1717 4099 1775 4161 pro
1796 4077 1892 4152 iusta,
1917 4075 1968 4140 vel
1990 4084 2128 4139 matura.
2169 4073 2238 4141 Hit

227 4179 339 4224 eorum
363 4159 544 4242 superbiae.
588 4159 663 4226 Non
686 4180 844 4246 negamus
870 4162 1000 4245 quidem
1030 4185 1124 4244 posse
1144 4187 1206 4231 nos
1252 4184 1351 4245 porro
1369 4164 1459 4230 nulia
1477 4164 1513 4245 fit
1534 4165 1646 4230 mentio
1659 4163 1830 4245 remeatis,
1851 4181 1931 4243 quoe
1945 4162 1981 4224 io
1994 4159 2051 4226 hoo
2059 4178 2123 4241 pro
2160 4179 2237 4226 essu

228 4245 298 4309 sola
312 4244 377 4310 Dei
400 4245 523 4311 virtute
539 4246 649 4328 perfioi
665 4247 748 4313 eitra
769 4247 938 4315 homiuum
953 4248 1205 4317 adminioulum:
1257 4250 1356 4316 losum
1385 4271 1448 4315 uon
1478 4251 1581 4317 habet:
1615 4269 1690 4314 nom
1721 4269 1790 4316 uem
1820 4249 1883 4312 aaa
1918 4245 2081 4328 spirituaii
2137 4244 2237 4312 haisti

226 4329 284 4395 sed
308 4331 362 4398 hio
385 4332 462 4415 quid
485 4330 557 4399 Deo
580 4332 748 4415 plaouerit,
770 4334 848 4416 quid
871 4336 1024 4400 statuerit
1041 4336 1204 4412 Christus,
1257 4340 1354 4400 oeae
1375 4336 1470 4401 mmai
1491 4338 1584 4402 etium
1605 4335 1713 4401 ινιιιιι
1733 4336 1837 4419 viper:
1864 4332 1947 4413 qaod
1969 4337 2072 4398 uuum
2093 4333 2238 4412 euomuit

228 4438 292 4481 non
317 4437 401 4500 quae
423 4417 467 4484 ιιι
488 4416 553 4483 Dei
575 4419 733 4502 potentia,
760 4418 974 4502 disputamus.
1019 4421 1088 4486 Ista
1110 4443 1206 4505 porro
1256 4421 1299 4487 od
1320 4422 1480 4487 interitum
1500 4422 1639 4489 inclinat.

227 4523 292 4568 non
318 4503 466 4588 vulgaris
486 4525 565 4589 erga
594 4505 743 4570 homines
765 4503 829 4570 Dei
858 4516 907 4571 est
936 4505 1091 4589 dignatio,
1120 4508 1205 4591 quod
1344 4507 1395 4572 14.
1418 4507 1618 4591 Noompliue
1632 4506 1743 4573 simus.
1775 4503 2056 4585 Quemadmodum
2074 4503 2237 4570 dematu-

226 4589 267 4654 ad
300 4589 533 4672 perfioieudam
571 4610 683 4656 eorum
719 4591 859 4657 salutem
894 4591 1001 4658 utitur
1036 4592 1204 4661 homiuum
1256 4594 1356 4658 ritate
1385 4592 1490 4659 virilis
1520 4594 1636 4658 aetatis
1666 4591 1829 4665 disseruit,
1864 4590 1904 4655 ad
1934 4611 2032 4672 quam
2066 4588 2235 4666 tendimus

227 4696 335 4758 opera.
385 4675 431 4741 Et
460 4699 478 4740 o
503 4676 621 4742 timum
652 4686 703 4742 ast
731 4677 890 4743 fovendae
917 4678 1053 4744 unitatis
1081 4680 1204 4745 exerui·
1257 4690 1323 4744 toto
1347 4680 1433 4744 vitae
1455 4679 1631 4746 ourrioulo:
1654 4678 1701 4743 ita
1723 4697 1788 4743 oon
1810 4676 1927 4742 debere
1950 4696 2009 4741 nos
2028 4675 2138 4757 pueris
2161 4696 2234 4743 esee

227 4766 321 4842 tium,
342 4762 427 4845 quod
451 4698 502 4827 ati
514 4782 717 4829 communem
736 4762 925 4844 doetrinam,
947 4766 1040 4848 quasi
1056 4765 1097 4832 ad
1113 4765 1205 4831 duois
1256 4764 1388 4842 similes,
1411 4764 1487 4831 dom
1510 4764 1544 4830 in
1567 4763 1725 4829 eiusmodi
1745 4763 1891 4846 proieotu
1912 4782 2035 4841 sumus,
2065 4760 2235 4827 admonet.

227 4847 399 4931 vexillum,
421 4868 649 4933 aggregamur.
843 4918 850 4929 ,
1256 4851 1389 4933 Aliquid
1411 4853 1498 4917 enim
1517 4849 1660 4915 medium
1684 4849 1798 4915 statuit
1815 4850 1900 4913 inter
1916 4848 2086 4931 pueritiam
2109 4854 2143 4911 et
2180 4867 2232 4913 ro·

315 4934 366 4998 13.
406 4933 583 5016 Usqaedum
603 4954 812 5002 occurremus.
857 4932 951 5016 Quae
974 4938 1066 5019 prius
1088 4936 1121 5002 iu
1144 4937 1202 5001 mi·
1256 4947 1383 5002 vestam
1406 4946 1556 5002 aetatem.
1598 4935 1701 5001 Pueri
1726 4934 1857 5018 quidem
1886 4944 1973 5011 sunt,
2026 4932 2060 4998 ui
2082 4867 2231 4998 nondum

225 5020 355 5086 nisterii
384 5020 698 5088 commendationem
721 5020 858 5104 protulit
880 5022 994 5107 elogia,
1023 5043 1111 5089 nuno
1132 5022 1203 5090 lon·
1256 5043 1404 5106 gressum
1431 5023 1606 5088 firmarunt
1639 5021 1674 5086 in
1704 5023 1760 5087 via
1787 5019 1932 5100 Domini,
1964 4953 2024 5085 sei
2054 5017 2233 5085 vaoillant:

226 5107 302 5188 gius
333 5106 490 5175 extendit.
538 5104 632 5186 Quod
660 5108 749 5173 euim
776 5107 915 5188 dixerat,
946 5108 1116 5173 homiuum
1145 5110 1205 5175 mi·
1256 5109 1312 5191 qui
1335 5109 1482 5175 nondum
1504 5108 1720 5173 eonstitutum
1743 5107 1863 5173 habent
1886 5125 1983 5188 quam
2009 5105 2096 5169 viam
2119 5114 2232 5170 tenere

226 5191 363 5256 nisterio
386 5193 562 5276 gubernari
586 5194 753 5259 ecelesiam
772 5203 807 5264 et
835 5193 988 5268 ordinari,
1018 5204 1055 5258 ot
1077 5195 1120 5256 ιιι
1143 5215 1203 5259 nu·
1256 5195 1406 5274 debeant,
1428 5194 1484 5260 sed
1500 5192 1595 5260 modo
1610 5191 1683 5270 huo,
1707 5192 1801 5258 modo
1818 5190 1896 5258 illue
1911 5190 2080 5270 inolinaut,
2102 5210 2233 5272 semper

224 5279 328 5342 meris
350 5280 501 5344 omnibus
524 5279 688 5344 absoluta:
712 5300 753 5344 ue
777 5281 850 5363 quis
868 5291 961 5362 putet
983 5281 1080 5345 unios
1096 5277 1202 5345 solum
1257 5280 1357 5360 dubii,
1387 5300 1516 5366 semper
1544 5279 1776 5347 inooustantes.
1820 5277 1887 5358 Qui
1915 5286 2024 5342 autem
2052 5296 2128 5342 vera
2157 5275 2233 5342 fuu-
