4740 6016
179 369 243 436 219
849 367 991 435 aelst).
1015 366 1158 439 PAULI
1180 368 1245 436 AD
1267 368 1500 438 mantulos
2115 369 2184 439 220

181 565 280 642 inisse
302 562 397 629 Pauli
427 571 567 628 mentem
590 561 706 628 iudieo.
750 560 878 644 Sequor
909 560 997 626 anim
1021 569 1154 628 aontex·
1209 561 1351 629 institiae
1385 562 1562 631 Christus?
1608 562 1740 631 Debent
1761 561 1873 647 igitar,
1906 582 1943 629 an
1975 562 2003 630 si
2036 562 2085 629 in·
2105 563 2191 632 eele-

181 665 260 716 tum.
295 645 925 731 Qniehortatuseratntooarguendo
949 646 1156 732 malaopera
1210 647 1351 714 barrimo
1373 649 1502 716 theatro
1519 659 1640 727 essent,
1663 649 1791 716 vivere:
1821 651 1898 732 quia
1925 646 1986 715 snb
2011 661 2190 734 oonspaota

180 733 359 802 infidelium
400 741 554 800 eruerent
597 753 636 800 aa
667 753 709 798 ex
742 731 903 799 tenebris:
937 754 1024 799 nuno
1057 732 1156 811 addit,
1210 733 1273 799 Dei
1302 744 1336 800 et
1358 735 1548 819 angelornm
1573 735 1701 802 vivunt.
1738 733 1819 817 Hos,
1841 733 1986 819 inquam,
2009 742 2109 802 testes
2135 757 2188 803 re·

181 821 346 906 preprium
380 820 461 886 lueis
493 819 638 885 oilioinm
671 838 743 884 esse
770 817 855 902 quod
887 818 954 883 illis
982 818 1156 902 praeripit:
1209 827 1401 897 vereantur,
1427 821 1554 886 etiamsi
1589 819 1751 887 mortales·
1771 840 1885 887 omnes
1917 819 2019 887 latere
2051 831 2186 904 queant.

181 927 300 992 nempe
326 903 647 971 manifestare.
678 904 755 970 Irux
777 913 837 983 est,
859 905 973 988 inquit,
991 925 1074 988 quae
1090 925 1156 970 om·
1208 903 1341 972 Omissa
1363 915 1473 971 autam
1491 904 1684 990 metaphora
1705 906 1914 973 tenebrarum
1936 916 1970 972 et
1985 906 2076 984 lueis,
2095 906 2189 974 iubet
2233 960 2239 965 .

182 994 237 1059 nia
258 992 457 1058 manifestat.
511 989 595 1057 Inde
617 988 814 1075 sequebatur
835 1010 890 1055 eos
910 1011 982 1057 esee
1003 989 1156 1075 indignos
1207 1012 1263 1057 eos
1302 1002 1416 1058 exaote
1452 991 1557 1057 vitam
1595 1012 1805 1076 oomponere‚
1857 1003 2075 1075 tanquam
2115 1013 2189 1061 aa·

180 1079 242 1156 hoo
264 1076 369 1155 titulo,
399 1076 463 1142 nisi
495 1075 529 1141 in
558 1076 664 1143 lnoem
693 1076 879 1160 proferrent
907 1096 991 1159 quae
1012 1075 1156 1142 tenebris
1209 1077 1414 1160 pientes:
1446 1077 1508 1142 hoo
1529 1086 1589 1160 est,
1611 1078 1665 1161 qni
1692 1079 1727 1143 in
1750 1096 1846 1144 verae
1867 1078 2047 1161 sapientiae
2074 1077 2190 1147 sohols

180 1164 330 1232 involuta
351 1173 456 1228 erant.
722 1229 726 1236 ,
791 1230 794 1235 ⁴
1208 1163 1350 1230 instituti
1374 1163 1442 1228 sint
1462 1181 1483 1227 a
1500 1162 1655 1230 Domino.
1699 1161 1782 1228 Nam
1812 1164 1893 1229 haee
1922 1173 2034 1230 nostra
2062 1163 2189 1231 intelli·

270 1249 320 1314 14.
356 1248 561 1331 eramobrem
580 1248 665 1315 dieii.
710 1245 879 1313 Laborant
901 1246 1098 1330 interpretes
1119 1246 1156 1312 in
1208 1248 1319 1333 gentis
1348 1257 1408 1327 est,
1439 1248 1554 1315 dnoem
1579 1268 1617 1314 ao
1638 1249 1833 1332 magistrum
1855 1248 1975 1316 hahere
1997 1249 2107 1316 Deum
2128 1250 2189 1334 qni

181 1337 251 1403 loeo
288 1332 478 1400 indioand0:
512 1334 589 1416 quia
618 1334 746 1399 videtur
775 1331 900 1398 Paulus
930 1332 1154 1399 testimoninm
1208 1353 1269 1400 nos
1287 1333 1403 1401 dooeat
1425 1334 1465 1400 de
1487 1355 1546 1400 sna
1566 1334 1745 1401 voluntate.

180 1423 282 1489 uitare
307 1442 349 1484 ex
371 1421 535 1503 scriptura
550 1418 634 1502 quod
651 1439 810 1502 nusquam
827 1418 1005 1484 invenitur.
1041 1418 1156 1484 Dioam
1295 1419 1345 1485 16.
1381 1419 1578 1486 Badimmtee
1601 1425 1732 1502 tempera.
1777 1421 1809 1484 A
1830 1420 2077 1488 oiroumstantia
2103 1428 2189 1487 tem·

180 1507 265 1592 quod
299 1526 360 1591 ego
391 1507 506 1572 sentio.
554 1505 702 1571 Primum
736 1504 861 1569 induoit
893 1503 1063 1570 Christum
1098 1524 1156 1587 per
1208 1506 1294 1589 poris
1316 1507 1489 1571 confirmat
1511 1527 1602 1571 suam
1621 1504 1891 1571 exhortationem.
1935 1505 2032 1571 Dies
2061 1505 2190 1573 malos

181 1614 258 1660 snos
280 1591 448 1658 ministres
469 1591 667 1674 loquentem.
712 1588 794 1654 Nam
817 1588 898 1657 haeo
919 1588 1085 1654 ordinaria
1107 1597 1157 1655 eet
1208 1611 1279 1657 esee
1307 1590 1395 1669 diait,
1429 1593 1491 1657 hoo
1522 1606 1580 1667 est,
1607 1594 1719 1657 omnia
1744 1589 1907 1657 seandalis
1937 1601 1970 1657 et
1992 1590 2190 1674 oormptelie

181 1679 303 1761 oonoio,
318 1697 402 1761 qnae
420 1676 565 1760 quotidie
583 1676 687 1741 audiri
700 1674 796 1741 debet
817 1696 858 1741 ex
880 1676 1041 1760 evangelii
1063 1696 1156 1759 prae·
1209 1696 1280 1743 esse
1312 1676 1427 1760 plena:
1465 1685 1501 1741 ut
1531 1676 1664 1744 diffieile
1694 1678 1753 1755 sit,
1787 1676 1857 1760 pios
1891 1697 2023 1742 manere
2056 1677 2190 1745 illaesos

181 1763 325 1833 oonibns.
359 1761 447 1844 Quid
470 1763 557 1827 enim
580 1762 669 1828 alind
690 1771 742 1826 ast
763 1761 809 1828 eis
835 1762 1038 1844 propositum
1060 1780 1156 1844 qnam
1210 1761 1286 1828 dum
1316 1765 1401 1828 inter
1431 1770 1481 1829 tot
1501 1765 1611 1847 spinas
1633 1761 1797 1829 inuadunt
1843 1761 1955 1843 Quum
1983 1763 2031 1829 ita
2054 1781 2188 1846 oorrap·

182 1859 217 1914 ut
239 1858 384 1915 mortuos
406 1849 550 1914 exoitent
572 1848 612 1912 ad
635 1846 771 1930 vitam‘l5
806 1847 904 1911 quta
926 1846 1017 1928 illud,
1039 1845 1158 1912 Veniet
1210 1859 1280 1913 tum
1317 1857 1366 1914 est
1403 1848 1587 1925 saeonlum,
1626 1848 1757 1915 videtur
1792 1846 1940 1915 diabolus
1975 1846 2190 1933 tyrannidem

182 1937 272 2016 hora,
301 1944 336 1999 et
363 1935 429 1999 iam
458 1943 517 2013 eet,
539 1953 640 2016 quum
665 1933 785 1997 mortni
806 1934 939 1998 audient
962 1952 1076 1998 vooem
1097 1932 1157 1998 tilii
1209 1953 1400 2017 ooanpasse:
1436 1945 1473 1999 ut
1502 1944 1633 2018 tempus
1667 1954 1734 1999 non
1765 1933 1867 2016 possit
1890 1932 1962 2000 Deo
1995 1934 2191 2012 eonseorari,

182 2021 263 2087 Dei:
286 2029 320 2085 et
343 2021 398 2102 qni
418 2018 592 2099 audierint,
615 2019 729 2084 vivent
750 2017 881 2104 (lohan.
903 2017 934 2096 5,
956 2017 1022 2103 25).
1062 2015 1157 2083 Nono
1211 2020 1273 2087 nisi
1286 2018 1748 2103 quodammodoredemptum.
1779 2019 1876 2099 Quod
1900 2031 2009 2086 autem
2032 2021 2096 2085 erit
2117 2040 2190 2104 pre-

181 2106 245 2173 looi
277 2105 555 2172 oiroumstantiam
589 2103 821 2187 expendamus.
866 2104 1008 2169 Dixerat
1034 2104 1157 2170 Paulus
1211 2105 1291 2170 tium
1315 2103 1572 2189 redemptionis?
1615 2105 1759 2172 Infinitis
1784 2105 1954 2189 illeoehris,
1988 2127 2070 2190 quae
2088 2104 2190 2173 laosse

182 2189 425 2277 redarguendos
457 2211 528 2256 esse
556 2189 714 2268 infideles,
743 2200 779 2255 nt
809 2191 844 2253 in
869 2190 974 2254 luoem
1008 2189 1157 2274 produoti
1211 2213 1270 2258 nos
1293 2202 1527 2275 perverterant,
1556 2191 1685 2257 aedera:
1717 2191 1877 2257 extriaare
1908 2213 1968 2257 nos
1997 2191 2129 2258 auaris
2156 2205 2192 2257 et

182 2296 359 2363 agnosnere
388 2296 447 2341 sua
475 2277 559 2341 mala
588 2276 757 2359 incipiant.
802 2273 895 2340 Nune
917 2273 1087 2342 Christum
1110 2275 1157 2341 lo·
1210 2276 1429 2361 voluptatibus
1453 2277 1574 2357 mundi,
1602 2276 1754 2344 omnibus
1776 2277 1915 2360 deniqne
1945 2276 2190 2360 impedimentis

182 2375 334 2448 qnentem
357 2361 498 2427 inducit:
529 2362 604 2444 quia
627 2362 708 2428 haee
729 2382 796 2428 vox
819 2361 948 2427 assidue
970 2373 1100 2428 resonet
1121 2362 1158 2426 in
1210 2364 1409 2429 renuntiare.
1440 2361 1566 2427 Intenti
1588 2382 1666 2446 ergo
1687 2364 1791 2427 simus
1810 2362 1850 2428 ad
1866 2364 2066 2429 messionem
2082 2363 2191 2429 modia

182 2448 342 2534 evangelii
360 2447 608 2532 praedieatione,
627 2447 736 2531 Surge
751 2448 805 2530 qui
822 2446 952 2512 dormis.
984 2446 1158 2513 Caeterum
1210 2448 1361 2514 omnibus
1398 2448 1663 2532 recuperandam.
1707 2448 1791 2531 Imo,
1821 2449 1907 2531 quod
1946 2449 2042 2514 multi
2080 2447 2191 2517 solent

180 2538 305 2602 interea
340 2555 406 2599 non
440 2534 551 2600 dubito
579 2534 657 2616 quin
678 2531 718 2597 ad
740 2532 974 2617 prophetarum
1004 2533 1157 2600 vatieinia
1211 2535 1360 2617 ignaviae
1389 2554 1466 2599 snae
1496 2535 1717 2616 praetendere,
1750 2533 1855 2599 multa
1883 2555 1954 2600 esse
1981 2534 2191 2615 offendioula,

160 2621 313 2702 alludat,
330 2641 414 2705 quse
432 2619 516 2686 hooi
541 2639 613 2686 snm
636 2617 827 2702 praedieunt
850 2620 890 2684 de
908 2640 1008 2703 regno
1024 2617 1157 2684 Christi.
1212 2620 1309 2685 nimie
1332 2619 1471 2686 arduum
1494 2620 1648 2703 laborem,
1677 2620 1885 2705 vigilantiam
1908 2631 2054 2687 nostram
2077 2620 2191 2705 potins

97 2766 100 2771 .
181 2707 286 2789 Quale
319 2719 369 2774 est
400 2705 482 2771 illud
527 2703 788 2790 esaiae(60,1):
822 2704 939 2789 Surge,
964 2705 1158 2788 illuminare,
1212 2716 1314 2771 aouat.

181 2792 372 2860 Ierusalem:
410 2793 486 2875 qnia
520 2791 611 2856 venit
646 2790 759 2855 lumen
797 2796 907 2873 tuum,
940 2799 1001 2857 ete.
1046 2790 1157 2872 Quum
1298 2792 1349 2856 ll.
1384 2791 1434 2857 Na
1455 2791 1527 2857 sitis
1549 2792 1771 2873 imprudentes.
1815 2789 1881 2872 Qui
1910 2792 1946 2856 in
1975 2791 2059 2876 legia
2086 2791 2189 2858 madi·

181 2876 789 3030 ttlllmlllitlttlttlt
811 2875 1158 3028 ltlllttltlt
1211 2878 1335 3028 tlt?
1358 2876 1699 3045 simillimis
1727 2889 1935 3047 {iiiiii
1956 2877 2061 3029 ttll
2082 2877 2190 3047 llll:

232 3015 240 3045 ί
710 3009 719 3025 ”
1696 3013 1705 3044 i

180 3050 287 3117 lnoem
311 3047 447 3115 Ohristi.
481 3047 566 3113 Nam
585 3046 669 3132 quod
691 3046 796 3128 addit;
819 3053 864 3112 et
895 3047 1157 3114 illneeeoet
1210 3049 1322 3114 suerit.
1367 3048 1463 3115 Unde
1492 3048 1579 3113 enim
1602 3051 1640 3113 fit
1663 3055 1701 3113 nt
1721 3058 1832 3115 errent
1854 3049 1919 3126 alii,
1949 3049 2005 3114 alii
2025 3047 2190 3130 labantur,

182 3135 274 3201 tibi
315 3133 558 3201 Christus:
598 3154 664 3198 non
704 3133 867 3217 signifieat
906 3142 986 3200 tuno
1025 3132 1158 3199 demum
1210 3135 1264 3199 alii
1288 3135 1478 3219 impingant,
1500 3145 1587 3198 retro
1609 3133 1727 3200 abeant
1749 3136 1822 3200 alii:
1845 3136 1909 3200 nisi
1930 3135 2007 3218 qnia
2026 3134 2190 3218 paulatim

183 3221 341 3306 affulgere
374 3219 466 3286 nobis
499 3220 569 3285 eins
597 3218 727 3303 lumen,
756 3218 813 3284 ubi
845 3218 1083 3286 surrexerimus
1115 3241 1157 3284 ex
1210 3241 1269 3287 nos
1298 3220 1464 3287 aSatana
1492 3220 1632 3285 sinimus
1660 3220 1837 3298 oblusoari,
1868 3229 1906 3285 nt
1935 3221 2028 3287 nohis
2055 3219 2191 3287 exoidat

183 3316 303 3373 morte:
337 3307 429 3389 quasi
462 3305 711 3389 praeveniamus
739 3307 810 3369 eins
837 3305 987 3388 gratiam.
1032 3303 1157 3371 Verum
1211 3306 1273 3371 Dei
1301 3304 1471 3382 voluntas,
1505 3305 1599 3371 ouius
1627 3305 1757 3373 assidua
1789 3305 2012 3373 reeordatione
2041 3306 2190 3373 exornari

182 3392 372 3476 simplieiter
410 3392 614 3458 demonstrat
653 3389 793 3471 Paulus,
834 3410 894 3456 nos
933 3411 1103 3475 resurgere
1138 3412 1158 3456 a
1210 3412 1269 3457 nos
1291 3391 1467 3458 deonerati
1496 3389 1540 3456 Et
1562 3400 1640 3458 nota
1661 3392 1791 3470 iterum,
1812 3392 2018 3474 prudentiam
2041 3413 2061 3457 a
2083 3392 2190 3459 Panlo

182 3479 335 3545 mortain
353 3479 465 3557 vitam,
485 3498 585 3561 quum
604 3496 663 3542 nos
679 3475 829 3542 Christus
849 3474 1023 3542 illuminat.
1053 3476 1158 3559 quue
1210 3478 1348 3560 definiri,
1377 3498 1477 3561 quum
1500 3476 1565 3542 Dei
1592 3477 1797 3544 voluntatem
1826 3477 2051 3563 intelligimus.
2095 3476 2190 3559 Quo·

183 3564 301 3649 prioris
322 3565 503 3630 sententiae
524 3562 767 3629 oonfirmandae
785 3583 898 3629 eausa:
927 3562 1074 3630 infideles
1096 3564 1157 3629 sai·
1210 3563 1307 3628 modo
1329 3563 1449 3647 diriget
1478 3563 1667 3629 adolesnens
1690 3565 1777 3629 viam
1798 3563 1915 3629 suam?
1945 3564 2052 3648 inquit
2072 3561 2189 3631 David

183 3652 259 3718 lieet
291 3671 311 3715 a
340 3650 492 3716 eaeoitate
520 3650 728 3727 resonandos,
757 3658 793 3714 nt
819 3649 902 3715 salvi
925 3650 1017 3714 fiant.
1061 3646 1158 3729 Quod
1210 3649 1311 3798 ξω.
1334 3649 1406 3728 119,
1418 3648 1463 3734 9).
1486 3648 1708 3715 Custodiendo
1736 3670 1903 3717 sermones
1930 3663 2013 3728 tuos,
2032 3647 2188 3716 Domine.

183 3736 282 3820 aliqui
304 3736 429 3802 oodioes
450 3756 509 3818 pro
527 3733 703 3818 ἐπιφαύσει,
717 3732 834 3819 legunt
851 3735 1016 3819 dunipast,
1034 3732 1095 3800 hoo
1109 3741 1160 3801 est
1244 3735 1455 3803 eiurenibus
1481 3735 1642 3820 loquitur:
1676 3735 1735 3802 sed
1764 3746 1814 3802 eet
1840 3737 1939 3801 etiam
1962 3735 2042 3801 haee
2067 3754 2190 3803 senum

183 3822 359 3907 matinget,
392 3820 585 3886 manifestas
618 3830 669 3887 eat
697 3840 798 3887 error.
842 3820 955 3904 Itaque
983 3820 1158 3887 leotionem
1211 3820 1395 3904 prudentia.

183 3908 273 3975 illam
295 3909 366 3974 sine
388 3909 609 3973 oontroversia
631 3906 777 3990 repudio.
1091 3958 1093 3961 .
1299 3907 1348 3972 18.
1383 3907 1427 3972 Et
1454 3927 1491 3973 ua
1520 3908 1718 3974 inebriemini
1738 3908 1821 3975 uino.
1866 3907 1979 3989 Quum
2011 3927 2066 3974 eoa
2095 3915 2190 3977 vetat

1210 3992 1384 4076 inebriari,
1420 3992 1529 4076 largas
1565 4013 1679 4058 omnes
1716 4005 1749 4061 et
1780 3992 1972 4060 immodioas
2004 3992 2190 4077 potationes

268 4080 318 4145 15.
363 4078 470 4146 Videte
507 4079 608 4163 igitur
646 4077 796 4161 quemodo
837 4082 940 4143 erecte
978 4077 1159 4144 ambuietis:
1211 4078 1371 4161 prohibet.
1416 4077 1556 4145 Perinde
1585 4098 1665 4164 ergo
1694 4091 1744 4145 est
1770 4099 1808 4146 aa
1827 4083 1856 4144 si
1878 4077 2015 4145 diaeret:
2047 4099 2089 4147 ne
2109 4079 2188 4147 sitis

181 4186 243 4230 uon
278 4171 429 4247 tanquam
465 4165 663 4247 insipientes,
710 4163 766 4229 sed
806 4167 959 4246 tanquam
992 4165 1158 4248 sapientes
1211 4167 1465 4247 intemperantes
1501 4165 1535 4229 in
1569 4176 1658 4250 potu.
1701 4165 1748 4230 Et
1783 4164 1881 4231 simul
1915 4163 2071 4232 admonet
2105 4165 2189 4250 quaid

184 4252 234 4316 16.
267 4252 449 4317 redimentes
481 4255 617 4333 teripm,
664 4249 813 4332 quonium
858 4250 925 4316 dies
960 4250 1040 4316 moli
1074 4255 1158 4316 sumt.
1210 4250 1289 4314 mali
1312 4251 1419 4334 pariat
1441 4251 1590 4330 ebrietes,
1622 4270 1740 4334 nempe
1762 4249 1910 4316 ἀσωτίαν.
1956 4250 2029 4332 Quo
2053 4253 2188 4320 nomine

184 4337 236 4402 17.
273 4337 377 4418 Quare
398 4358 437 4402 ne
457 4337 530 4402 aitis
546 4336 767 4419 imprudentes,
789 4335 844 4401 sed
862 4335 1063 4420 intelligentes
1079 4355 1159 4419 quoa
1211 4335 1359 4421 intelligo
1382 4335 1534 4403 laseivias
1560 4357 1763 4421 omnegenns
1785 4347 1817 4402 et
1832 4334 2071 4405 dissolutiones.
2100 4336 2188 4405 Nam

182 4424 226 4490 sit
246 4421 389 4489 animator
411 4422 552 4488 Domini.
599 4422 649 4487 18.
684 4421 729 4485 Et
750 4441 789 4488 m
804 4420 1004 4487 inebriemini
1028 4422 1100 4487 vino
1123 4422 1159 4487 im
1211 4420 1239 4486 si
1261 4420 1423 4487 luxuriam
1453 4422 1687 4506 interpreteris,
1716 4422 1814 4508 friget
1841 4443 1967 4490 sensus.
2011 4421 2189 4510 Signifloat

182 4529 243 4592 pao
264 4509 346 4575 ineat
364 4507 508 4593 mavia,
529 4508 583 4574 aad
605 4507 802 4589 impleamini
822 4508 947 4588 spirim.
987 4506 1037 4572 19.
1067 4506 1159 4574 Vobis
1210 4527 1288 4592 ergo
1310 4508 1452 4575 ebriosos
1476 4508 1623 4575 diffluere
1646 4511 1832 4591 petulanter
1856 4509 1892 4574 in
1913 4529 2044 4575 omnem
2068 4509 2187 4577 immo·

182 4592 1158 4764 summm...
1182 4663 1187 4733 ι

323 4732 331 4761 r
1150 4726 1158 4744 ·
1352 4729 1361 4760 r
1724 4731 1732 4747 ·
2171 4715 2186 4733 ⁸

184 4767 237 4834 20.
272 4766 406 4834 Gratiae
430 4772 555 4852 egenus
581 4785 702 4849 semper
729 4765 767 4830 ee
788 4763 940 4844 ommibus,
971 4766 1006 4832 im
1033 4765 1159 4832 momine
1211 4766 1306 4832 tionis
1343 4773 1377 4831 et
1409 4766 1537 4834 honesti
1574 4776 1724 4850 respeotn
1757 4776 1956 4853 tanguntur,
1992 4765 2186 4835 ebrietatem

87 4903 90 4908 ,
183 4853 317 4921 Domini
338 4854 439 4920 nostri
461 4855 535 4920 Iera
558 4850 686 4936 Christi,
707 4851 776 4918 Deo
796 4852 940 4934 etpotri.
1211 4853 1323 5002 infero
1346 4859 1380 4916 et
1402 4851 1582 4918 abominari
1604 4852 1733 4919 debent.
1776 4853 1865 4935 Quia
1886 4864 1997 4919 autem
2025 4862 2064 4919 nt
2083 4874 2121 4919 se
2143 4854 2187 4923 sd

922 4965 924 4970 v
1210 4934 1245 5002 hi
1260 4937 1411 5003 aritatem
1433 4938 1584 5018 invitent,
1607 4938 1732 5024 largius
1754 4952 1866 5023 potare
1887 4940 1994 5006 solent
2010 4937 2070 5005 filii
2084 4938 2187 5011 huius

252 5026 322 5102 15.
364 5025 470 5093 Videte
498 5025 604 5108 ipitm.
648 5022 687 5090 Si
715 5022 852 5089 aliorum
883 5024 1043 5090 disoutere
1071 5029 1159 5090 teno-
1210 5023 1349 5090 saeouli:
1386 5023 1543 5090 eiusmodi
1580 5024 1723 5091 laetitiae
1755 5026 1875 5091 earnali
1908 5034 2054 5092 sanatam
2087 5025 2187 5095 aliem

186 5111 261 5178 bras
282 5110 395 5179 fideles
417 5111 536 5176 debent
557 5110 684 5195 fulgore
705 5128 779 5175 ano:
813 5121 934 5194 quanto
957 5109 1068 5175 minus
1088 5130 1160 5175 oae-
1211 5109 1356 5193 opponit,
1385 5129 1449 5192 qna
1470 5130 1530 5175 nos
1551 5111 1688 5194 spiritus
1711 5111 1774 5178 Dei
1795 5110 1966 5178 exhilaret
2010 5112 2055 5179 Et
2084 5110 2189 5181 nnius

186 5197 292 5264 outire
314 5198 376 5282 ipsi
394 5196 512 5262 debent
532 5197 565 5262 in
584 5195 714 5281 proprio
728 5196 818 5261 vitae
833 5195 1007 5261 instituto?
1031 5194 1159 5276 Quibus
1211 5215 1337 5279 qnoque
1359 5195 1494 5261 effeetus
1516 5196 1675 5280 superiori
1696 5199 1876 5265 eontrarios
1897 5211 2054 5265 reoenset
2093 5197 2187 5282 Quid

185 5282 274 5349 enim
312 5282 454 5349 tenebris
489 5303 524 5349 se
556 5282 781 5365 ooonltabnnt,
817 5282 933 5366 quibus
969 5279 1077 5347 illuxit
1108 5282 1158 5347 sol
1211 5281 1318 5366 gignit
1338 5281 1498 5347 ebrietas?
1522 5280 1712 5350 dissolutam
1734 5284 1941 5370 proterviam,
1964 5296 2002 5352 nt
2016 5284 2110 5370 quasi
2129 5306 2188 5359 ex·
