4762 6016
190 371 247 438 165
1076 360 1227 430 CAPUT
1247 359 1295 432 ΙΙ.
1375 419 1377 424 .
2133 363 2196 432 166

186 562 338 629 Νο10οι10
375 563 475 628 etiam
512 562 663 646 repetitio
696 561 839 628 nominis
873 561 1052 628 Ohristi:
1086 561 1162 644 quia
1214 567 1339 647 guntur
1361 562 1521 647 popisma,
1544 560 1684 630 Paulum
1706 565 1760 630 hio
1785 570 1887 632 101000
1914 562 2033 631 salutis
2058 570 2191 631 0001000

184 649 264 715 nihil
286 649 413 734 gratiae
436 668 541 732 neque
563 648 684 715 amoris
707 668 727 712 a
753 647 826 714 Deo
850 649 975 731 sperari
992 647 1074 728 vult,
1097 648 1161 713 nisi
1214 648 1352 732 gloriam
1369 648 1430 714 Dei
1446 648 1570 733 gratiae
1586 649 1737 717 tribuere.
1770 650 1835 718 Sed
1858 651 1947 716 aliud
1969 657 2189 717 commentum

184 739 255 821 ipso
278 734 511 802 intercedente.
1213 735 1416 819 excogitant,
1438 735 1499 802 hcc
1531 734 1605 802 ideo
1639 737 1718 815 dici,
1740 738 1817 820 quia
1838 737 1930 804 Deus
1953 738 2092 820 primam
2114 754 2191 821 gra·

185 971 246 1018 ,,
266 863 305 1016 3
326 863 455 1018 3
464 864 670 1018 3333
687 863 814 1017 33
840 862 1163 1032 3333
1213 820 1984 1006 33331313313133
2006 823 2192 976 estut

186 1000 482 1190 &mmuh
518 1037 567 1102 10·
590 1035 701 1120 Ipsius
723 999 814 1104 ‘nim‘
827 1056 906 1118 ‘W
923 1054 1043 1116 sumus,
1066 999 1162 1100 mg
1214 992 1420 1058 facultatibus
1448 992 1610 1070 excludat,
1643 1013 1709 1059 non
1730 1003 1859 1059 tantum
1888 995 2090 1079 aprincipio
2111 1015 2190 1060 con·

185 1145 221 1190 000

184 1210 276 1276 t..
296 1123 622 1276 ..31333
637 1121 724 1205 t...
747 1143 826 1204 33
840 1119 1160 1203 333333
1213 1077 2190 1248 3313133313333333

1213 1250 1462 1328 conclusionem,
1496 1272 1544 1315 ne
1577 1251 1670 1334 quis
1703 1250 1918 1334 glorietur.
1963 1252 2072 1319 Locus
2099 1253 2188 1317 enim

270 1339 301 1404 8.
338 1338 455 1404 Gratia
490 1338 565 1404 00110
598 1337 723 1404 salvati.
772 1338 835 1404 Est
870 1337 961 1421 quasi
999 1335 1161 1402 conclusio
1213 1357 1341 1419 semper
1361 1344 1473 1402 manet
1488 1337 1649 1402 humanae
1667 1336 1798 1421 gloriae,
1817 1336 1974 1420 quamdiu
1996 1345 2092 1403 extra
2113 1357 2190 1422 gra·

185 1425 399 1508 superiorum.
447 1422 1160 1491 10100001000100010011000010100000-
1213 1424 1292 1487 tiam
1322 1421 1444 1505 aliquid
1467 1423 1579 1487 valent
1600 1424 1728 1488 merita.
1772 1421 1846 1488 Non
1875 1430 1943 1488 stat
1969 1423 2071 1507 igitur
2092 1422 2191 1493 Pauli

185 1511 273 1575 11000
294 1511 440 1594 gratuita
462 1509 627 1588 disseruit,
660 1524 697 1573 ut
725 1510 766 1576 ad
789 1512 874 1576 hano
901 1528 1064 1575 summam
1087 1527 1159 1591 per·
1213 1509 1385 1583 sententia,
1413 1507 1476 1573 0101
1500 1507 1604 1573 solida
1637 1508 1708 1574 laus
1737 1508 1796 1573 uni
1820 1508 1892 1574 Deo
1917 1516 1951 1573 et
1973 1512 2043 1574 eius
2066 1509 2191 1574 miseri·

185 1597 330 1672 veniret,
363 1615 418 1660 eos
455 1596 525 1660 sola
557 1595 622 1660 fide
657 1595 797 1661 salntem
829 1605 1047 1678 consequutus
1080 1614 1159 1659 0000.
1213 1595 1341 1661 cordiae
1356 1593 1531 1660 deferatur.
1573 1594 1746 1660 Caeterum
1763 1594 1970 1660 100001000ιο
1988 1596 2073 1660 male
2088 1592 2191 1680 vulgo

182 1680 334 1746 Primum
358 1701 435 1765 ergo
457 1679 594 1746 salutem
612 1681 829 1764 Ephesiorum
853 1682 967 1747 asserit
982 1680 1045 1745 Dei
1065 1681 1161 1744 unius
1212 1693 1400 1762 exponunt:
1439 1681 1514 1763 qnia
1552 1680 1627 1745 doni
1665 1680 1860 1746 vocabulum
1907 1681 2110 1766 restringunt
2147 1680 2190 1745 ad

186 1787 255 1832 esse
276 1787 369 1849 opus,
392 1766 569 1849 etquidem
587 1769 780 1850 gratuitum.
811 1768 877 1834 llos
892 1788 970 1832 0000
987 1766 1072 1832 10000
1087 1785 1159 1850 gra·
1214 1767 1307 1832 fidem
1340 1766 1451 1832 solam.
1496 1766 1581 1830 Nam
1607 1767 1731 1831 Paulus
1760 1767 1959 1849 superiorem
1990 1767 2188 1832 sententiam

187 1854 264 1917 tiam
289 1852 352 1917 fide
375 1854 550 1936 amplexos.
594 1853 683 1919 Hinc
712 1856 798 1917 enim
830 1852 1084 1919 considerandus
1112 1860 1162 1915 est
1213 1853 1287 1919 aliis
1311 1852 1418 1917 verbis
1445 1853 1573 1935 repetit.
1613 1852 2188 1936 1100101011131100301110000000

188 1938 294 2004 Deus:
316 1939 394 2003 inde
409 1940 567 2003 homines.
598 1940 707 2004 Deum
731 1939 906 2022 quidquam
930 1939 1022 2004 nobis
1045 1935 1162 2003 debore
1215 1939 1337 2004 donum
1361 1938 1442 2020 Dei,
1470 1937 1527 2002 sed
1556 1937 1695 2002 salutem
1719 1938 1833 2004 donari
1860 1938 1954 2004 nobis
1977 1959 1997 2003 a
2018 1938 2105 2017 Deo,
2129 1947 2188 2004 aut

187 2033 293 2107 negat.
339 2023 401 2088 Est
422 2025 527 2108 igitur
548 2044 638 2089 mera
660 2028 775 2108 gratia,
798 2046 862 2091 000
886 2045 1010 2090 merces
1033 2033 1091 2088 aut
1114 2045 1161 2087 re·
1213 2026 1277 2092 Dei
1300 2024 1384 2088 dono
1406 2023 1585 2108 obtingere.

185 2110 341 2192 tributio,
378 2110 463 2190 quod
501 2109 618 2176 salvat.
663 2110 761 2175 Nunc
798 2111 966 2193 quaeritur
1002 2109 1161 2192 quomodo
1301 2112 1350 2175 10.
1385 2110 1496 2192 Ipsius
1524 2110 1607 2175 enim
1634 2129 1719 2193 opus.
1765 2113 1795 2174 A
1819 2110 2002 2194 privatione
2031 2111 2188 2177 contrarii

185 2195 326 2260 salutem
358 2217 398 2261 ex
421 2217 522 2261 manu
546 2196 607 2260 Dei
636 2197 697 2261 sibi
726 2196 867 2262 oblatam
899 2197 1080 2279 percipiant
1102 2196 1160 2259 ho·
1213 2199 1329 2283 probat
1346 2197 1432 2279 quod
1453 2195 1543 2272 dixit,
1561 2216 1620 2260 nos
1635 2196 1742 2279 gratia
1760 2195 1903 2261 salvatos
1918 2217 2004 2262 esse:
2027 2196 2188 2279 siquidem

187 2283 302 2346 mines.
333 2279 530 2364 Respondet,
554 2282 627 2348 fide.
656 2281 745 2346 Hinc
767 2282 939 2360 concludit,
961 2281 1044 2346 nihil
1062 2283 1163 2366 igitur
1214 2285 1305 2350 nulla
1328 2291 1501 2365 suppetere
1524 2281 1615 2347 nobis
1637 2301 1750 2364 opera,
1773 2281 1889 2362 quibus
1917 2283 2056 2347 salutem
2086 2283 2189 2364 poesi·

189 2367 345 2434 hio·eese
378 2375 536 2432 nostrum.
583 2367 667 2432 Nam
698 2371 724 2432 si
755 2390 795 2432 ex
819 2378 911 2450 parte
934 2369 995 2433 Dei
1022 2377 1072 2432 est
1093 2367 1163 2432 sola
1215 2393 1287 2436 mus
1310 2370 1436 2433 mereri.
1482 2366 1647 2450 Quidquid
1675 2369 1761 2431 enim
1786 2367 1943 2432 bonorum
1973 2387 2108 2450 operum
2131 2366 2187 2431 ha-

189 2453 310 2535 3001101
349 2472 411 2518 000
443 2461 551 2517 autem
586 2452 667 2517 nihil
701 2465 830 2537 praeter
857 2454 954 2518 fidem
984 2454 1162 2530 afferimus,
1214 2459 1345 2531 bemus,
1376 2455 1408 2518 id
1437 2474 1508 2520 esse
1533 2453 1676 2518 fructum
1707 2453 1972 2535 regenerationis.
2017 2451 2114 2518 Unde
2144 2471 2194 2517 se·

186 2558 270 2620 qnae
292 2557 353 2602 000
384 2539 502 2620 spoliat
534 2541 623 2604 omni
654 2539 766 2605 laude:
801 2542 962 2623 sequitur,
996 2560 1061 2603 000
1092 2559 1163 2603 0000
1215 2544 1334 2627 quitur,
1357 2560 1455 2623 opera
1476 2541 1546 2623 ipsa
1568 2560 1639 2604 osse
1661 2549 1788 2620 partem
1811 2541 1945 2621 gratiae.
1979 2537 2076 2619 Quod
2100 2537 2191 2617 dicit,

190 2644 232 2688 ex
253 2624 357 2690 nobis.
402 2625 519 2689 Nonne
547 2624 608 2690 1000
637 2625 732 2690 modo
761 2634 795 2690 et
820 2625 958 2690 liberum
981 2625 1161 2708 arbitrium,
1216 2649 1274 2694 nos
1296 2646 1367 2692 0000
1385 2645 1465 2708 opus
1482 2627 1555 2705 Dei,
1578 2645 1643 2689 non
1664 2624 1886 2706 accipiendum
1903 2633 1952 2690 001
1968 2625 2008 2688 de
2023 2625 2190 2690 communi

188 2719 222 2775 61
243 2707 347 2775 1101180
369 2711 581 2788 ἱῦῐθῦῐὶῡΰθῦ,
611 2715 645 2775 01
667 2711 931 2795 praeparationes
954 2711 1101 2789 fissliliffl,
1130 2717 1164 2773 01
1215 2715 1387 2792 000011000,
1414 2732 1479 2793 qua
1499 2713 1537 2776 fit
1559 2716 1597 2774 ut
1620 2711 1767 2775 homines
1790 2729 1978 2775 nascamur:
2009 2709 2065 2775 scd
2088 2729 2190 2776 novas

189 2796 314 2871 merita,
338 2806 371 2860 et
388 2796 622 2861 satisfactiones
644 2798 862 2862 conticescant
884 2796 1034 2880 oportet?
1072 2796 1163 2861 Nihil
1216 2822 1287 2866 esse
1312 2804 1479 2863 creaturas
1509 2817 1567 2864 000
1592 2797 1717 2874 asserit,
1745 2796 1799 2878 qui
1831 2796 1949 2878 spiritu
1972 2796 2097 2863 Christi
2125 2797 2192 2859 for·

185 2893 235 2945 est
267 2882 356 2946 enim
379 2881 495 2946 horum
519 2883 603 2964 quod
631 2903 696 2946 000
720 2891 845 2965 partam
868 2882 975 2947 laudis
1003 2883 1036 2945 10
1060 2881 1164 2947 salute
1216 2886 1294 2951 mati
1317 2885 1418 2949 simus
1441 2881 1482 2947 ad
1505 2884 1674 2954 iustitiam,
1701 2903 1764 2945 nou
1787 2881 1917 2964 propria
1939 2884 2072 2948 virtute.
2118 2881 2191 2947 Hoc

190 2967 359 3032 hominum
393 2967 452 3031 sibi
477 2968 636 3033 vendicet.
678 2968 728 3032 Ita
758 2978 933 3033 00000001
961 2969 996 3032 10
1022 2967 1162 3033 solidum
1218 2974 1253 3037 in
1276 2971 1361 3035 solos
1384 2968 1495 3034 fideles
1521 2970 1685 3052 competit,
1711 2967 1775 3050 qui,
1797 2988 1898 3050 quum
1922 2989 1962 3032 ex
1986 2969 2094 3033 Adam
2122 2969 2192 3032 nati

190 3052 259 3116 laus
281 3055 418 3135 gratiae,
442 3066 477 3117 ut
494 3054 618 3118 Paulus
641 3053 741 3119 docet.
786 3054 856 3119 Iam
880 3075 980 3136 quum
1007 3073 1048 3117 ex
1072 3065 1163 3136 parte
1188 3024 1192 3093 Ι
1216 3068 1326 3124 000001
1349 3055 1454 3120 0111001
1479 3064 1512 3119 01
1527 3057 1684 3137 perversi,
1706 3052 1830 3118 Ohristi
1848 3054 1954 3133 gratia
1976 3053 2192 3137 spiritualiter

190 3137 331 3203 hominis
363 3138 467 3203 solum
497 3139 701 3221 recipiendae
732 3140 845 3206 salutis
875 3140 1009 3205 modum
1038 3141 1071 3202 10
1100 3139 1163 3203 11010
1216 3153 1459 3226 regenerantur,
1483 3150 1521 3207 ut
1542 3142 1699 3225 incipiant
1720 3160 1791 3204 0000
1814 3141 1891 3202 novi
1908 3137 2067 3205 homines.
2102 3140 2192 3224 Ergo

184 3224 378 3307 constituat,
400 3224 464 3288 alia
487 3226 594 3290 media
616 3227 738 3304 reiicit,
761 3226 878 3309 quibus
896 3227 958 3290 niti
980 3226 1085 3291 001001
1108 3225 1163 3289 ho·
1216 3229 1375 3314 quidquid
1409 3235 1458 3292 001
1490 3229 1523 3292 10
1558 3227 1649 3293 nohis
1677 3226 1768 3303 honi,
1799 3245 1881 3308 opus
1914 3232 1964 3290 001
1988 3225 2049 3289 Dei
2079 3245 2192 3308 super·

190 3309 305 3375 mines.
339 3310 440 3376 Fides
462 3331 559 3395 porro
582 3310 748 3376 hominem
769 3331 909 3376 vacuum
927 3312 998 3375 Deo
1021 3310 1163 3387 adducit,
1216 3315 1374 3380 naturale.
1419 3313 1465 3378 ut
1489 3313 1648 3396 expositio
1676 3311 1824 3394 sequitur
1852 3311 1886 3374 in
1908 3317 2082 3378 contextu:
2112 3330 2192 3375 nam

190 3394 373 3460 0101001011
397 3397 489 3462 bonis
512 3397 698 3479 impleatur.
740 3397 880 3479 Ideoque
902 3397 994 3461 addit
1016 3417 1094 3461 non
1117 3417 1163 3461 ex
1216 3401 1289 3466 idco
1312 3421 1370 3465 nos
1393 3419 1464 3466 0000
1485 3420 1568 3483 opus
1586 3398 1650 3463 Dei
1673 3397 1834 3483 adiungit,
1867 3398 1944 3480 quia
1966 3395 2068 3463 creati
2089 3396 2193 3461 simus

192 3479 324 3546 vohis:
353 3490 391 3545 ut
420 3483 502 3547 nihil
531 3483 592 3548 sibi
621 3494 822 3568 arrogantes,
850 3483 955 3548 solum
986 3488 1165 3567 agnoscant
1217 3509 1282 3552 non
1304 3487 1336 3550 10
1361 3485 1478 3568 Adam,
1506 3485 1621 3550 sedin
1644 3484 1792 3550 Christo:
1822 3504 1928 3567 neque
1950 3482 1990 3548 ad
2012 3480 2191 3566 quamlibet

191 3563 299 3630 Deum
322 3567 439 3632 salutis
459 3589 538 3633 suae
561 3577 717 3634 autorem.
1218 3575 1329 3649 vitam,
1350 3572 1407 3636 sed
1429 3570 1470 3635 ad
1493 3571 1579 3636 hona
1600 3591 1708 3653 opera.
1753 3568 1840 3651 Quid
1869 3572 1934 3635 iam
1962 3577 2063 3634 restat
2088 3568 2192 3634 libero

274 3650 341 3717 Dei
360 3654 476 3719 donam
497 3659 551 3719 001.
596 3655 662 3719 Pro
684 3676 722 3720 so
745 3654 828 3737 quod
853 3654 995 3730 dixerat,
1023 3653 1164 3718 salntem
1218 3657 1364 3733 arbitrio,
1394 3659 1421 3721 01
1443 3676 1655 3739 quaeeunque
1677 3676 1697 3719 a
1719 3655 1812 3721 nobis
1835 3655 2083 3739 proficiscuntur
2106 3652 2191 3719 bona

188 3757 301 3802 eorum
325 3758 397 3804 esse
419 3741 589 3831 exgratia,
614 3762 702 3806 nunc
725 3740 841 3805 asserit
859 3739 1067 3804 essedorum
1084 3738 1163 3803 Dei:
1217 3766 1325 3827 opera,
1359 3752 1490 3824 accepta
1522 3742 1651 3826 spiritui
1678 3742 1742 3806 Dei
1773 3740 1944 3806 feruntur?
1990 3739 2191 3823 Expendant

192 3842 248 3904 pro
278 3843 318 3888 eo
347 3825 432 3907 qnod
466 3826 604 3904 dixerat,
647 3846 711 3890 non
745 3848 785 3891 ex
813 3825 917 3902 vobis,
956 3845 1045 3890 nunc
1077 3825 1164 3907 dicit,
1217 3832 1262 3914 pii
1286 3829 1421 3895 lectores
1443 3827 1543 3893 verba
1565 3828 1713 3909 apostoli.
1758 3826 1833 3891 Non
1856 3827 1942 3907 dicit,
1960 3826 2108 3892 adiuvari
2132 3847 2190 3892 000

193 3926 268 3973 000
291 3911 564 3992 exoperibus.
610 3911 752 3976 Proinde
773 3911 920 3975 videmus
944 3922 979 3974 ut
1002 3911 1083 3975 nihil
1106 3910 1164 3973 ho·
1217 3937 1236 3980 a
1258 3915 1347 3981 Deo:
1371 3934 1437 3979 non
1460 3912 1546 3988 dicit,
1565 3914 1752 3996 praeparari
1771 3912 1982 3996 voluntatem,
2006 3921 2042 3976 ut
2060 3912 2192 3995 proprio

193 3993 335 4060 minibus
357 3997 516 4079 reliquum
533 3998 631 4063 faciat
649 3999 683 4060 in
699 3996 917 4079 comparanda
931 3996 1046 4062 salute.
1079 3997 1163 4060 Nam
1218 4009 1323 4065 marte
1351 3999 1468 4065 deinde
1495 4009 1621 4065 currat:
1656 4019 1723 4064 non
1756 3998 1849 4078 dicit,
1878 3998 2066 4064 facultatem
2101 3998 2192 4062 uobis

192 4077 243 4145 hie
267 4080 373 4147 tribus
396 4082 504 4147 verbis
526 4084 748 4167 complectitur
770 4080 853 4165 quod
882 4095 949 4146 tam
979 4083 1076 4165 longa
1098 4080 1164 4144 dis·
1216 4086 1356 4152 conferri
1373 4085 1608 4168 benevolendi,
1631 4083 2193 4166 0100010000011000100010000010

193 4166 360 4247 putatione
397 4170 501 4251 agitat
536 4169 570 4232 in
606 4168 752 4251 Epistola
790 4168 831 4234 ad
864 4169 1048 4248 Romanos,
1085 4169 1163 4232 item
1217 4173 1353 4256 eligere:
1377 4170 1649 4255 quemadmodum
1666 4172 1792 4255 garrire
1803 4169 1919 4247 solent,
1939 4171 1994 4253 qui
2012 4178 2192 4234 extenuant

192 4251 290 4315 etiam
320 4252 361 4316 ad
388 4251 543 4319 Galatas:
578 4277 619 4319 ox
649 4255 719 4320 sola
753 4254 813 4319 Dei
846 4254 1065 4319 misericordia
1094 4273 1165 4335 pro·
1217 4258 1282 4323 Dei
1305 4259 1444 4340 gratiam
1463 4257 1567 4340 quoad
1590 4265 1742 4341 possunt:
1765 4255 1821 4321 sed
1846 4255 1939 4321 docet
1959 4275 2019 4321 nos
2043 4276 2113 4320 esse
2128 4255 2192 4320 Dei

194 4337 305 4402 venire
328 4339 423 4403 nobis
443 4339 611 4420 iustitiam,
632 4341 742 4405 offerri
765 4341 799 4404 in
823 4340 966 4422 Christo,
988 4340 1084 4422 idque
1107 4360 1165 4421 per
1217 4364 1316 4427 opus:
1340 4348 1374 4409 et
1388 4342 1545 4426 quidquid
1568 4352 1618 4408 est
1638 4344 1712 4407 boni
1735 4343 1768 4407 10
1792 4340 1894 4421 nobis,
1917 4363 1987 4407 esse
2010 4343 2189 4407 01000000-

192 4423 421 4506 erangelium:
464 4425 533 4490 sola
572 4427 651 4503 fide,
697 4429 779 4490 01100
817 4446 951 4508 operum
1001 4427 1164 4504 meritum,
1218 4431 1349 4494 tionem.
1377 4429 1639 4513 9000130111001,
1663 4427 2101 4493 100000011010011000010000
2123 4427 2192 4492 0100

193 4508 326 4591 percipi.
370 4510 480 4593 Atque
502 4534 543 4575 ex
566 4510 627 4576 hoo
656 4512 727 4578 1000
754 4521 941 4596 promptum
969 4521 1034 4593 est,
1066 4513 1165 4576 10000
1218 4534 1332 4593 manu,
1365 4527 1402 4579 01
1434 4514 1538 4580 bonus
1570 4516 1624 4579 sit.
1670 4515 1745 4578 Non
1778 4531 1856 4597 ergo
1889 4512 2027 4579 facultas
2064 4521 2192 4577 tanturn

194 4592 273 4658 illud
302 4596 459 4661 cavillum
487 4602 640 4677 refutare,
671 4619 735 4681 quo
763 4599 915 4680 Papistae
944 4598 1083 4663 evadere
1112 4618 1164 4662 co·
1218 4600 1442 4678 benevolendi,
1466 4608 1524 4665 aut
1539 4600 1732 4683 nescioquas
1747 4602 1959 4682 praeparatio,
1983 4610 2040 4664 aut
2055 4597 2192 4662 admini-

194 4689 324 4758 nantur,
348 4680 486 4745 Paulum
510 4682 550 4746 de
572 4684 782 4749 caeremoniis
802 4683 898 4766 loqui,
920 4704 1021 4765 quum
1044 4683 1165 4766 absque
1218 4686 1345 4766 culum,
1381 4684 1439 4751 sed
1478 4687 1549 4768 ipsa
1585 4696 1673 4751 00010
1707 4687 1859 4754 voluntas
1897 4685 1965 4751 eius
2012 4703 2098 4767 opus
2131 4695 2191 4749 001.

193 4766 345 4847 operibus
372 4767 542 4833 iustificari
571 4789 631 4832 nos
653 4769 754 4835 docet.
799 4769 898 4835 Certo
927 4770 1013 4832 enim
1044 4771 1165 4835 certius
1218 4771 1350 4854 Alioqui
1395 4771 1493 4836 etiam
1538 4793 1602 4835 000
1646 4772 1769 4839 valeret
1811 4771 1907 4836 Pauli
1951 4777 2190 4855 argumentum.

194 4861 257 4924 est,
285 4872 350 4916 non
374 4853 428 4917 hic
449 4857 501 4937 agi
525 4855 564 4918 de
586 4874 652 4919 una
674 4876 809 4938 operum
832 4856 952 4937 specie,
983 4857 1040 4919 sed
1063 4864 1164 4920 totam
1218 4857 1364 4923 Intendit
1380 4857 1526 4940 probare,
1549 4858 1713 4923 hominem
1729 4859 1790 4925 sibi
1807 4878 2008 4941 nequaquam
2025 4857 2191 4939 acquirere

195 4935 336 5003 bominis
372 4940 545 5016 iustitiam,
583 4960 667 5022 quae
699 4941 851 5023 operibns
884 4950 1025 5016 constat,
1064 4941 1162 5007 001101.
1218 4943 1368 5020 salutem,
1392 4942 1448 5008 sed
1471 4944 1573 5026 gratis
1603 4942 1716 5008 aDeo
1740 4944 1904 5025 consequi.
1949 4942 2103 5008 Probatio
2132 4954 2192 5023 001,

195 5019 264 5087 1000
304 5035 409 5089 totum
450 5025 634 5106 hominem,
670 5036 703 5090 01
735 5024 892 5109 quidquid
929 5045 948 5090 a
985 5049 1020 5092 00
1058 5028 1164 5092 habet.
1218 5029 1301 5111 quod
1325 5028 1421 5094 homo
1445 5029 1525 5094 nibil
1549 5031 1600 5107 sit,
1625 5030 1687 5096 nisi
1703 5030 1765 5096 Dei
1789 5031 1904 5114 gratia.
1934 5029 2090 5113 Quisquis
2112 5049 2191 5114 ergo

195 5107 345 5174 Notanda
367 5111 453 5174 enim
476 5111 651 5177 antithesis
674 5112 736 5177 Dei
758 5123 792 5176 et
813 5112 964 5189 hominis,
986 5113 1111 5198 gratiae
1133 5124 1165 5176 et
1217 5135 1361 5180 seorsum
1388 5134 1407 5178 a
1429 5115 1492 5181 Dei
1515 5118 1621 5200 gratia
1649 5115 1770 5198 aliquid
1793 5116 1846 5180 vel
1870 5117 2041 5182 minimum
2065 5114 2192 5180 homini

193 5213 336 5276 operum.
377 5195 447 5262 000
468 5208 687 5280 opponeretur
709 5199 800 5264 Deus
821 5198 955 5279 homini,
976 5201 1004 5263 si
1027 5198 1067 5264 de
1088 5198 1165 5263 solis
1218 5209 1359 5285 arrogat,
1377 5201 1571 5268 tantundem
1586 5201 1635 5265 illi
1652 5201 1798 5268 concedit
1813 5203 1981 5287 potestatis
1996 5203 2036 5269 ad
2052 5201 2193 5269 salutem

193 5282 404 5348 eaeremoniis
437 5287 523 5349 esset
553 5283 799 5351 controversia?
845 5286 960 5367 Itaque
989 5285 1085 5351 fateri
1114 5304 1163 5350 oo·
1218 5285 1458 5370 acquirendam.
1862 5314 1865 5319 ·

1931 5408 1981 5462 11*
