<?xml version="1.0" encoding="UTF-8"?>
<!DOCTYPE html PUBLIC "-//W3C//DTD XHTML 1.0 Transitional//EN"
    "http://www.w3.org/TR/xhtml1/DTD/xhtml1-transitional.dtd">
<html xmlns="http://www.w3.org/1999/xhtml" xml:lang="en" lang="en">
 <head>
  <title>
</title>
<meta http-equiv="Content-Type" content="text/html;charset=utf-8" />
  <meta name='ocr-system' content='tesseract 3.04.00' />
  <meta name='ocr-capabilities' content='ocr_page ocr_carea ocr_par ocr_line ocrx_word'/>
</head>
<body>
  <div class='ocr_page' id='page_1' title='image "./ioanniscalvinio00calvgoog_0553.png"; bbox 0 0 4740 6016; ppageno 0'>
   <div class='ocr_carea' id='block_1_1' title="bbox 178 311 2200 385">
    <p class='ocr_par' dir='ltr' id='par_1_1' title="bbox 178 311 2200 385">
     <span class='ocr_line' id='line_1_1' title="bbox 178 311 2200 385; baseline 0.002 -5"><span class='ocrx_word' id='word_1_1' title='bbox 178 313 244 380; x_wconf 80' lang='lat' dir='ltr'><strong>stt</strong></span> <span class='ocrx_word' id='word_1_2' title='bbox 811 311 956 380; x_wconf 72' lang='lat' dir='ltr'><strong>EPIS&#39;P.</strong></span> <span class='ocrx_word' id='word_1_3' title='bbox 981 312 1124 380; x_wconf 81' lang='lat' dir='ltr'><strong>Pautt</strong></span> <span class='ocrx_word' id='word_1_4' title='bbox 1146 312 1211 378; x_wconf 84' lang='lat' dir='ltr'><strong>AD</strong></span> <span class='ocrx_word' id='word_1_5' title='bbox 1233 312 1557 380; x_wconf 74' lang='lat' dir='ltr'><strong>utuouflttuut</strong></span> <span class='ocrx_word' id='word_1_6' title='bbox 2128 317 2200 385; x_wconf 80' lang='lat'><strong>316</strong></span> 
     </span>
    </p>
   </div>
   <div class='ocr_carea' id='block_1_2' title="bbox 178 500 2199 5306">
    <p class='ocr_par' dir='ltr' id='par_1_2' title="bbox 178 500 2199 5306">
     <span class='ocr_line' id='line_1_2' title="bbox 181 500 2199 588; baseline 0.003 -22"><span class='ocrx_word' id='word_1_7' title='bbox 181 503 254 567; x_wconf 90' lang='lat' dir='ltr'><strong>ideo</strong></span> <span class='ocrx_word' id='word_1_8' title='bbox 269 502 460 568; x_wconf 89' lang='lat' dir='ltr'><strong>nominatim</strong></span> <span class='ocrx_word' id='word_1_9' title='bbox 477 501 510 564; x_wconf 91' lang='lat' dir='ltr'><strong>id</strong></span> <span class='ocrx_word' id='word_1_10' title='bbox 529 500 711 567; x_wconf 87' lang='lat' dir='ltr'><strong>cavendum</strong></span> <span class='ocrx_word' id='word_1_11' title='bbox 737 502 903 583; x_wconf 77' lang='lat' dir='ltr'><strong>praecipit.</strong></span> <span class='ocrx_word' id='word_1_12' title='bbox 940 503 990 566; x_wconf 89' lang='lat' dir='ltr'><strong>De</strong></span> <span class='ocrx_word' id='word_1_13' title='bbox 1011 500 1160 566; x_wconf 89' lang='lat' dir='ltr'><strong>fidelibus</strong></span> <span class='ocrx_word' id='word_1_14' title='bbox 1213 500 1424 584; x_wconf 75' lang='lat' dir='ltr'>conqueritur</span> <span class='ocrx_word' id='word_1_15' title='bbox 1452 502 1621 568; x_wconf 88' lang='lat' dir='ltr'><strong>doctorum</strong></span> <span class='ocrx_word' id='word_1_16' title='bbox 1643 503 1787 587; x_wconf 83' lang='lat' dir='ltr'><strong>ignavia,</strong></span> <span class='ocrx_word' id='word_1_17' title='bbox 1818 504 1872 570; x_wconf 84' lang='lat' dir='ltr'><strong>vsl</strong></span> <span class='ocrx_word' id='word_1_18' title='bbox 1896 504 2007 588; x_wconf 87' lang='lat' dir='ltr'><strong>potius</strong></span> <span class='ocrx_word' id='word_1_19' title='bbox 2027 504 2199 587; x_wconf 85' lang='lat' dir='ltr'><strong>superbia,</strong></span> 
     </span>
     <span class='ocr_line' id='line_1_3' title="bbox 181 585 2194 672; baseline 0.002 -19"><span class='ocrx_word' id='word_1_20' title='bbox 181 588 337 672; x_wconf 87' lang='lat' dir='ltr'><strong>loquitur,</strong></span> <span class='ocrx_word' id='word_1_21' title='bbox 360 587 417 669; x_wconf 87' lang='lat' dir='ltr'><strong>qui</strong></span> <span class='ocrx_word' id='word_1_22' title='bbox 436 607 512 652; x_wconf 88' lang='lat' dir='ltr'><strong>suas</strong></span> <span class='ocrx_word' id='word_1_23' title='bbox 535 586 650 652; x_wconf 85' lang='lat' dir='ltr'><strong>viduas</strong></span> <span class='ocrx_word' id='word_1_24' title='bbox 674 586 761 651; x_wconf 90' lang='lat' dir='ltr'><strong>alere</strong></span> <span class='ocrx_word' id='word_1_25' title='bbox 784 586 933 654; x_wconf 85' lang='lat' dir='ltr'><strong>debeant.</strong></span> <span class='ocrx_word' id='word_1_26' title='bbox 970 585 1161 670; x_wconf 84' lang='lat' dir='ltr'><strong>Numquae</strong></span> <span class='ocrx_word' id='word_1_27' title='bbox 1213 586 1291 652; x_wconf 92' lang='lat' dir='ltr'><strong>dum</strong></span> <span class='ocrx_word' id='word_1_28' title='bbox 1324 586 1385 651; x_wconf 89' lang='lat' dir='ltr'><strong>soli</strong></span> <span class='ocrx_word' id='word_1_29' title='bbox 1418 587 1536 653; x_wconf 82' lang='lat' dir='ltr'><strong>volunt</strong></span> <span class='ocrx_word' id='word_1_30' title='bbox 1568 588 1722 656; x_wconf 90' lang='lat' dir='ltr'><strong>eminere.</strong></span> <span class='ocrx_word' id='word_1_31' title='bbox 1772 589 1871 656; x_wconf 91' lang='lat' dir='ltr'><strong>Nunc</strong></span> <span class='ocrx_word' id='word_1_32' title='bbox 1904 598 1942 656; x_wconf 92' lang='lat' dir='ltr'><strong>ut</strong></span> <span class='ocrx_word' id='word_1_33' title='bbox 1975 589 2016 657; x_wconf 87' lang='lat' dir='ltr'><strong>ad</strong></span> <span class='ocrx_word' id='word_1_34' title='bbox 2050 590 2194 658; x_wconf 87' lang='lat' dir='ltr'><strong>Paulum</strong></span> 
     </span>
     <span class='ocr_line' id='line_1_4' title="bbox 182 672 2195 761; baseline 0.001 -21"><span class='ocrx_word' id='word_1_35' title='bbox 182 676 303 758; x_wconf 81' lang='lat' dir='ltr'><strong>impiae</strong></span> <span class='ocrx_word' id='word_1_36' title='bbox 334 673 521 757; x_wconf 86' lang='lat' dir='ltr'><strong>cognationi</strong></span> <span class='ocrx_word' id='word_1_37' title='bbox 551 673 838 757; x_wconf 84' lang='lat' dir='ltr'><strong>renuntiaverant,</strong></span> <span class='ocrx_word' id='word_1_38' title='bbox 871 691 925 737; x_wconf 88' lang='lat' dir='ltr'><strong>eas</strong></span> <span class='ocrx_word' id='word_1_39' title='bbox 957 673 997 738; x_wconf 92' lang='lat' dir='ltr'><strong>ab</strong></span> <span class='ocrx_word' id='word_1_40' title='bbox 1026 672 1161 738; x_wconf 90' lang='lat' dir='ltr'><strong>ecclesia</strong></span> <span class='ocrx_word' id='word_1_41' title='bbox 1212 672 1354 752; x_wconf 88' lang='lat' dir='ltr'><strong>redeam,</strong></span> <span class='ocrx_word' id='word_1_42' title='bbox 1377 672 1501 739; x_wconf 85' lang='lat' dir='ltr'><strong>victum</strong></span> <span class='ocrx_word' id='word_1_43' title='bbox 1519 675 1694 760; x_wconf 88' lang='lat' dir='ltr'><strong>praecipue</strong></span> <span class='ocrx_word' id='word_1_44' title='bbox 1715 674 1918 759; x_wconf 86' lang='lat' dir='ltr'><strong>suppeditari</strong></span> <span class='ocrx_word' id='word_1_45' title='bbox 1940 674 2030 742; x_wconf 90' lang='lat' dir='ltr'><strong>iubet</strong></span> <span class='ocrx_word' id='word_1_46' title='bbox 2052 678 2195 761; x_wconf 92' lang='lat' dir='ltr'><strong>pastori·</strong></span> 
     </span>
     <span class='ocr_line' id='line_1_5' title="bbox 181 755 2195 844; baseline 0.002 -19"><span class='ocrx_word' id='word_1_47' title='bbox 181 760 302 842; x_wconf 92' lang='lat' dir='ltr'><strong>suscipi</strong></span> <span class='ocrx_word' id='word_1_48' title='bbox 319 778 458 841; x_wconf 90' lang='lat' dir='ltr'><strong>aequum</strong></span> <span class='ocrx_word' id='word_1_49' title='bbox 473 765 554 825; x_wconf 88' lang='lat' dir='ltr'><strong>erat.</strong></span> <span class='ocrx_word' id='word_1_50' title='bbox 595 757 741 839; x_wconf 76' lang='lat' dir='ltr'><strong>Quodsi</strong></span> <span class='ocrx_word' id='word_1_51' title='bbox 763 765 901 841; x_wconf 87' lang='lat' dir='ltr'><strong>peccant</strong></span> <span class='ocrx_word' id='word_1_52' title='bbox 924 759 979 843; x_wconf 92' lang='lat' dir='ltr'><strong>qui</strong></span> <span class='ocrx_word' id='word_1_53' title='bbox 1001 755 1064 824; x_wconf 91' lang='lat' dir='ltr'><strong>sibi</strong></span> <span class='ocrx_word' id='word_1_54' title='bbox 1086 779 1161 842; x_wconf 92' lang='lat' dir='ltr'><strong>par·</strong></span> <span class='ocrx_word' id='word_1_55' title='bbox 1212 758 1273 824; x_wconf 91' lang='lat' dir='ltr'><strong>bus</strong></span> <span class='ocrx_word' id='word_1_56' title='bbox 1288 758 1343 840; x_wconf 91' lang='lat' dir='ltr'><strong>qui</strong></span> <span class='ocrx_word' id='word_1_57' title='bbox 1360 757 1504 825; x_wconf 89' lang='lat' dir='ltr'><strong>docendo</strong></span> <span class='ocrx_word' id='word_1_58' title='bbox 1527 771 1605 827; x_wconf 90' lang='lat' dir='ltr'><strong>sunt</strong></span> <span class='ocrx_word' id='word_1_59' title='bbox 1626 762 1785 844; x_wconf 91' lang='lat' dir='ltr'><strong>occupati.</strong></span> <span class='ocrx_word' id='word_1_60' title='bbox 1821 760 1981 827; x_wconf 81' lang='lat' dir='ltr'><strong>Etenim</strong></span> <span class='ocrx_word' id='word_1_61' title='bbox 2004 763 2195 830; x_wconf 78' lang='lat' dir='ltr'><strong>entmundi</strong></span> 
     </span>
     <span class='ocr_line' id='line_1_6' title="bbox 181 843 2195 929; baseline 0 -17"><span class='ocrx_word' id='word_1_62' title='bbox 181 855 292 912; x_wconf 90' lang='lat' dir='ltr'><strong>centes</strong></span> <span class='ocrx_word' id='word_1_63' title='bbox 315 844 486 911; x_wconf 86' lang='lat' dir='ltr'><strong>ecclesiam</strong></span> <span class='ocrx_word' id='word_1_64' title='bbox 509 845 680 928; x_wconf 93' lang='lat' dir='ltr'><strong>patiuntur</strong></span> <span class='ocrx_word' id='word_1_65' title='bbox 701 843 887 927; x_wconf 75' lang='lat' dir='ltr'><strong>sumptibus</strong></span> <span class='ocrx_word' id='word_1_66' title='bbox 909 844 1058 929; x_wconf 90' lang='lat' dir='ltr'><strong>gravari:</strong></span> <span class='ocrx_word' id='word_1_67' title='bbox 1086 843 1163 909; x_wconf 92' lang='lat' dir='ltr'><strong>hinc</strong></span> <span class='ocrx_word' id='word_1_68' title='bbox 1212 844 1424 927; x_wconf 80' lang='lat' dir='ltr'><strong>ingratitudo,</strong></span> <span class='ocrx_word' id='word_1_69' title='bbox 1448 852 1485 909; x_wconf 88' lang='lat' dir='ltr'><strong>ut</strong></span> <span class='ocrx_word' id='word_1_70' title='bbox 1500 844 1539 911; x_wconf 91' lang='lat' dir='ltr'><strong>de</strong></span> <span class='ocrx_word' id='word_1_71' title='bbox 1555 845 1704 912; x_wconf 78' lang='lat' dir='ltr'><strong>fovendis</strong></span> <span class='ocrx_word' id='word_1_72' title='bbox 1723 846 1813 912; x_wconf 85' lang='lat' dir='ltr'><strong>verbi</strong></span> <span class='ocrx_word' id='word_1_73' title='bbox 1834 847 1994 913; x_wconf 86' lang='lat' dir='ltr'><strong>ministris</strong></span> <span class='ocrx_word' id='word_1_74' title='bbox 2017 867 2086 913; x_wconf 90' lang='lat' dir='ltr'><strong>non</strong></span> <span class='ocrx_word' id='word_1_75' title='bbox 2108 847 2195 914; x_wconf 89' lang='lat' dir='ltr'><strong>mul·</strong></span> 
     </span>
     <span class='ocr_line' id='line_1_7' title="bbox 181 928 2195 1015; baseline 0.002 -19"><span class='ocrx_word' id='word_1_76' title='bbox 181 931 374 1015; x_wconf 88' lang='lat' dir='ltr'><strong>colligamus</strong></span> <span class='ocrx_word' id='word_1_77' title='bbox 391 941 513 1014; x_wconf 91' lang='lat' dir='ltr'><strong>quanto</strong></span> <span class='ocrx_word' id='word_1_78' title='bbox 529 930 700 1014; x_wconf 88' lang='lat' dir='ltr'><strong>sacrilegio</strong></span> <span class='ocrx_word' id='word_1_79' title='bbox 721 952 758 997; x_wconf 92' lang='lat' dir='ltr'><strong>se</strong></span> <span class='ocrx_word' id='word_1_80' title='bbox 779 929 949 1012; x_wconf 87' lang='lat' dir='ltr'><strong>implicent</strong></span> <span class='ocrx_word' id='word_1_81' title='bbox 971 930 1026 1013; x_wconf 90' lang='lat' dir='ltr'><strong>qui</strong></span> <span class='ocrx_word' id='word_1_82' title='bbox 1048 928 1162 995; x_wconf 86' lang='lat' dir='ltr'><strong>frauda</strong></span> <span class='ocrx_word' id='word_1_83' title='bbox 1214 939 1283 994; x_wconf 92' lang='lat' dir='ltr'><strong>tum</strong></span> <span class='ocrx_word' id='word_1_84' title='bbox 1312 930 1356 995; x_wconf 93' lang='lat' dir='ltr'><strong>sit</strong></span> <span class='ocrx_word' id='word_1_85' title='bbox 1377 930 1543 998; x_wconf 88' lang='lat' dir='ltr'><strong>sollicitus.</strong></span> <span class='ocrx_word' id='word_1_86' title='bbox 1588 933 1634 996; x_wconf 81' lang='lat' dir='ltr'><strong>ttt</strong></span> <span class='ocrx_word' id='word_1_87' title='bbox 1656 930 1761 998; x_wconf 86' lang='lat' dir='ltr'><strong>Satan</strong></span> <span class='ocrx_word' id='word_1_88' title='bbox 1791 931 1853 998; x_wconf 89' lang='lat' dir='ltr'><strong>hac</strong></span> <span class='ocrx_word' id='word_1_89' title='bbox 1882 941 1952 998; x_wconf 89' lang='lat' dir='ltr'><strong>arte</strong></span> <span class='ocrx_word' id='word_1_90' title='bbox 1982 943 2091 999; x_wconf 88' lang='lat' dir='ltr'><strong>tentat</strong></span> <span class='ocrx_word' id='word_1_91' title='bbox 2119 935 2195 1000; x_wconf 91' lang='lat' dir='ltr'><strong>doc·</strong></span> 
     </span>
     <span class='ocr_line' id='line_1_8' title="bbox 181 1015 2196 1101; baseline 0.002 -19"><span class='ocrx_word' id='word_1_92' title='bbox 181 1024 239 1082; x_wconf 88' lang='lat' dir='ltr'><strong>aut</strong></span> <span class='ocrx_word' id='word_1_93' title='bbox 268 1017 393 1099; x_wconf 92' lang='lat' dir='ltr'><strong>rapinis</strong></span> <span class='ocrx_word' id='word_1_94' title='bbox 419 1017 596 1101; x_wconf 70' lang='lat' dir='ltr'><strong>profanant</strong></span> <span class='ocrx_word' id='word_1_95' title='bbox 617 1015 703 1101; x_wconf 91' lang='lat' dir='ltr'><strong>quod</strong></span> <span class='ocrx_word' id='word_1_96' title='bbox 725 1015 828 1082; x_wconf 91' lang='lat' dir='ltr'><strong>semel</strong></span> <span class='ocrx_word' id='word_1_97' title='bbox 850 1015 992 1083; x_wconf 92' lang='lat' dir='ltr'><strong>dicatum</strong></span> <span class='ocrx_word' id='word_1_98' title='bbox 1016 1023 1088 1081; x_wconf 89' lang='lat' dir='ltr'><strong>erat</strong></span> <span class='ocrx_word' id='word_1_99' title='bbox 1109 1035 1161 1081; x_wconf 91' lang='lat' dir='ltr'><strong>cc·</strong></span> <span class='ocrx_word' id='word_1_100' title='bbox 1213 1015 1301 1080; x_wconf 90' lang='lat' dir='ltr'><strong>trina</strong></span> <span class='ocrx_word' id='word_1_101' title='bbox 1322 1016 1452 1099; x_wconf 83' lang='lat' dir='ltr'><strong>privare</strong></span> <span class='ocrx_word' id='word_1_102' title='bbox 1474 1017 1654 1095; x_wconf 88' lang='lat' dir='ltr'><strong>ecclesiam,</strong></span> <span class='ocrx_word' id='word_1_103' title='bbox 1677 1016 1757 1082; x_wconf 93' lang='lat' dir='ltr'><strong>dum</strong></span> <span class='ocrx_word' id='word_1_104' title='bbox 1779 1017 1908 1100; x_wconf 86' lang='lat' dir='ltr'><strong>inopiae</strong></span> <span class='ocrx_word' id='word_1_105' title='bbox 1929 1025 1963 1084; x_wconf 88' lang='lat' dir='ltr'><strong>et</strong></span> <span class='ocrx_word' id='word_1_106' title='bbox 1985 1019 2081 1086; x_wconf 83' lang='lat' dir='ltr'><strong>famis</strong></span> <span class='ocrx_word' id='word_1_107' title='bbox 2102 1030 2196 1086; x_wconf 89' lang='lat' dir='ltr'><strong>metu</strong></span> 
     </span>
     <span class='ocr_line' id='line_1_9' title="bbox 180 1100 2015 1187; baseline 0.001 -18"><span class='ocrx_word' id='word_1_108' title='bbox 180 1103 310 1170; x_wconf 88' lang='lat' dir='ltr'><strong>clasiae.</strong></span> <span class='ocrx_word' id='word_1_109' title='bbox 567 1175 571 1183; x_wconf 53' lang='grc'>,</span> <span class='ocrx_word' id='word_1_110' title='bbox 1213 1100 1370 1185; x_wconf 91' lang='lat' dir='ltr'><strong>plurimos</strong></span> <span class='ocrx_word' id='word_1_111' title='bbox 1393 1101 1554 1167; x_wconf 79' lang='lat' dir='ltr'><strong>absterret</strong></span> <span class='ocrx_word' id='word_1_112' title='bbox 1575 1123 1617 1167; x_wconf 91' lang='lat' dir='ltr'><strong>ue</strong></span> <span class='ocrx_word' id='word_1_113' title='bbox 1638 1103 1671 1168; x_wconf 93' lang='lat' dir='ltr'><strong>id</strong></span> <span class='ocrx_word' id='word_1_114' title='bbox 1693 1103 1803 1170; x_wconf 70' lang='lat' dir='ltr'><strong>ouans</strong></span> <span class='ocrx_word' id='word_1_115' title='bbox 1824 1103 2015 1187; x_wconf 72' lang='lat' dir='ltr'><strong>suscipiant</strong></span> 
     </span>
     <span class='ocr_line' id='line_1_10' title="bbox 1301 1184 2196 1274; baseline 0.007 -23"><span class='ocrx_word' id='word_1_116' title='bbox 1301 1186 1352 1251; x_wconf 91' lang='lat'><strong>18.</strong></span> <span class='ocrx_word' id='word_1_117' title='bbox 1377 1184 1453 1253; x_wconf 81' lang='lat' dir='ltr'><strong>Nera</strong></span> <span class='ocrx_word' id='word_1_118' title='bbox 1476 1187 1627 1273; x_wconf 74' lang='lat' dir='ltr'><strong>obligabis</strong></span> <span class='ocrx_word' id='word_1_119' title='bbox 1648 1209 1693 1268; x_wconf 82' lang='lat' dir='ltr'><strong>os,</strong></span> <span class='ocrx_word' id='word_1_120' title='bbox 1721 1194 1774 1256; x_wconf 83' lang='lat' dir='ltr'><strong>ete.</strong></span> <span class='ocrx_word' id='word_1_121' title='bbox 1818 1189 2036 1274; x_wconf 86' lang='lat' dir='ltr'><strong>Praeceptum</strong></span> <span class='ocrx_word' id='word_1_122' title='bbox 2063 1198 2114 1257; x_wconf 92' lang='lat' dir='ltr'><strong>est</strong></span> <span class='ocrx_word' id='word_1_123' title='bbox 2135 1210 2196 1274; x_wconf 92' lang='lat' dir='ltr'><strong>po·</strong></span> 
     </span>
     <span class='ocr_line' id='line_1_11' title="bbox 269 1271 2194 1359; baseline 0.002 -20"><span class='ocrx_word' id='word_1_124' title='bbox 269 1276 319 1340; x_wconf 84' lang='lat' dir='ltr'><strong>lt.</strong></span> <span class='ocrx_word' id='word_1_125' title='bbox 344 1271 530 1356; x_wconf 74' lang='lat' dir='ltr'><strong>Presbyteri,</strong></span> <span class='ocrx_word' id='word_1_126' title='bbox 551 1274 608 1357; x_wconf 82' lang='lat' dir='ltr'><strong>qai</strong></span> <span class='ocrx_word' id='word_1_127' title='bbox 629 1273 701 1340; x_wconf 87' lang='lat' dir='ltr'><strong>berte</strong></span> <span class='ocrx_word' id='word_1_128' title='bbox 719 1277 885 1358; x_wconf 56' lang='lat' dir='ltr'><strong>moenem,</strong></span> <span class='ocrx_word' id='word_1_129' title='bbox 907 1273 1028 1356; x_wconf 83' lang='lat' dir='ltr'><strong>dyptici</strong></span> <span class='ocrx_word' id='word_1_130' title='bbox 1049 1271 1163 1339; x_wconf 68' lang='lat' dir='ltr'><strong>nnat</strong></span> <span class='ocrx_word' id='word_1_131' title='bbox 1213 1273 1349 1350; x_wconf 89' lang='lat' dir='ltr'><strong>liticum,</strong></span> <span class='ocrx_word' id='word_1_132' title='bbox 1378 1273 1464 1355; x_wconf 91' lang='lat' dir='ltr'><strong>quod</strong></span> <span class='ocrx_word' id='word_1_133' title='bbox 1487 1275 1581 1341; x_wconf 93' lang='lat' dir='ltr'><strong>nobis</strong></span> <span class='ocrx_word' id='word_1_134' title='bbox 1602 1275 1636 1339; x_wconf 92' lang='lat' dir='ltr'><strong>in</strong></span> <span class='ocrx_word' id='word_1_135' title='bbox 1659 1295 1781 1359; x_wconf 90' lang='lat' dir='ltr'><strong>genere</strong></span> <span class='ocrx_word' id='word_1_136' title='bbox 1803 1279 2003 1358; x_wconf 86' lang='lat' dir='ltr'><strong>aequitatem</strong></span> <span class='ocrx_word' id='word_1_137' title='bbox 2026 1296 2194 1344; x_wconf 89' lang='lat' dir='ltr'><strong>commcn-</strong></span> 
     </span>
     <span class='ocr_line' id='line_1_12' title="bbox 182 1358 2198 1446; baseline -0 -17"><span class='ocrx_word' id='word_1_138' title='bbox 182 1363 274 1446; x_wconf 80' lang='lat' dir='ltr'><strong>diyrti</strong></span> <span class='ocrx_word' id='word_1_139' title='bbox 289 1359 476 1427; x_wconf 79' lang='lat' dir='ltr'><strong>habeantur:</strong></span> <span class='ocrx_word' id='word_1_140' title='bbox 496 1360 634 1425; x_wconf 74' lang='lat' dir='ltr'><strong>maxim</strong></span> <span class='ocrx_word' id='word_1_141' title='bbox 648 1361 704 1441; x_wconf 78' lang='lat' dir='ltr'><strong>qai</strong></span> <span class='ocrx_word' id='word_1_142' title='bbox 718 1359 862 1425; x_wconf 66' lang='grc' dir='ltr'><strong>ῑαὸοναιιί</strong></span> <span class='ocrx_word' id='word_1_143' title='bbox 881 1359 917 1424; x_wconf 86' lang='lat' dir='ltr'><strong>irt</strong></span> <span class='ocrx_word' id='word_1_144' title='bbox 937 1358 1027 1425; x_wconf 83' lang='lat' dir='ltr'><strong>aerbo</strong></span> <span class='ocrx_word' id='word_1_145' title='bbox 1047 1362 1075 1424; x_wconf 84' lang='lat' dir='ltr'><strong>et</strong></span> <span class='ocrx_word' id='word_1_146' title='bbox 1095 1358 1164 1425; x_wconf 85' lang='lat' dir='ltr'><strong>dcc-</strong></span> <span class='ocrx_word' id='word_1_147' title='bbox 1215 1358 1286 1425; x_wconf 86' lang='lat' dir='ltr'><strong>dat:</strong></span> <span class='ocrx_word' id='word_1_148' title='bbox 1310 1358 1406 1423; x_wconf 68' lang='lat' dir='ltr'><strong>danti</strong></span> <span class='ocrx_word' id='word_1_149' title='bbox 1426 1360 1460 1424; x_wconf 92' lang='lat' dir='ltr'><strong>in</strong></span> <span class='ocrx_word' id='word_1_150' title='bbox 1483 1361 1626 1443; x_wconf 88' lang='lat' dir='ltr'><strong>priorem</strong></span> <span class='ocrx_word' id='word_1_151' title='bbox 1647 1360 1689 1426; x_wconf 86' lang='lat' dir='ltr'><strong>ad</strong></span> <span class='ocrx_word' id='word_1_152' title='bbox 1704 1360 1895 1427; x_wconf 74' lang='lat' dir='ltr'><strong>Corinthios</strong></span> <span class='ocrx_word' id='word_1_153' title='bbox 1917 1361 2087 1444; x_wconf 89' lang='lat' dir='ltr'><strong>epistolam</strong></span> <span class='ocrx_word' id='word_1_154' title='bbox 2110 1361 2198 1428; x_wconf 85' lang='lat' dir='ltr'><strong>dixi·</strong></span> 
     </span>
     <span class='ocr_line' id='line_1_13' title="bbox 181 1442 2195 1528; baseline 0.001 -15"><span class='ocrx_word' id='word_1_155' title='bbox 181 1451 278 1525; x_wconf 81' lang='lat' dir='ltr'><strong>tritta</strong></span> <span class='ocrx_word' id='word_1_156' title='bbox 342 1447 392 1512; x_wconf 92' lang='lat'><strong>18.</strong></span> <span class='ocrx_word' id='word_1_157' title='bbox 434 1444 523 1512; x_wconf 83' lang='lat' dir='ltr'><strong>Dicit</strong></span> <span class='ocrx_word' id='word_1_158' title='bbox 564 1445 647 1511; x_wconf 80' lang='lat' dir='ltr'><strong>etaim</strong></span> <span class='ocrx_word' id='word_1_159' title='bbox 687 1446 862 1526; x_wconf 78' lang='lat' dir='ltr'><strong>scriptura:</strong></span> <span class='ocrx_word' id='word_1_160' title='bbox 905 1445 978 1511; x_wconf 81' lang='lat' dir='ltr'><strong>Nora</strong></span> <span class='ocrx_word' id='word_1_161' title='bbox 1014 1442 1165 1528; x_wconf 77' lang='lat' dir='ltr'><strong>obligabis</strong></span> <span class='ocrx_word' id='word_1_162' title='bbox 1215 1466 1298 1511; x_wconf 90' lang='lat' dir='ltr'><strong>mus.</strong></span> <span class='ocrx_word' id='word_1_163' title='bbox 1343 1444 1429 1509; x_wconf 88' lang='lat' dir='ltr'><strong>Nam</strong></span> <span class='ocrx_word' id='word_1_164' title='bbox 1456 1446 1484 1509; x_wconf 88' lang='lat' dir='ltr'><strong>si</strong></span> <span class='ocrx_word' id='word_1_165' title='bbox 1511 1445 1663 1528; x_wconf 91' lang='lat' dir='ltr'><strong>prohibet</strong></span> <span class='ocrx_word' id='word_1_166' title='bbox 1691 1465 1732 1512; x_wconf 89' lang='lat' dir='ltr'><strong>ne</strong></span> <span class='ocrx_word' id='word_1_167' title='bbox 1755 1445 1926 1512; x_wconf 87' lang='lat' dir='ltr'><strong>inhumani</strong></span> <span class='ocrx_word' id='word_1_168' title='bbox 1954 1447 2055 1514; x_wconf 90' lang='lat' dir='ltr'><strong>simus</strong></span> <span class='ocrx_word' id='word_1_169' title='bbox 2085 1448 2195 1516; x_wconf 86' lang='lat' dir='ltr'><strong>brutis</strong></span> 
     </span>
     <span class='ocr_line' id='line_1_14' title="bbox 181 1529 2194 1635; baseline -0.001 -33"><span class='ocrx_word' id='word_1_170' title='bbox 181 1555 216 1601; x_wconf 84' lang='lat' dir='ltr'><strong>oa</strong></span> <span class='ocrx_word' id='word_1_171' title='bbox 245 1534 314 1601; x_wconf 82' lang='lat' dir='ltr'><strong>bovi</strong></span> <span class='ocrx_word' id='word_1_172' title='bbox 348 1533 526 1599; x_wconf 83' lang='lat' dir='ltr'><strong>tritaranti:</strong></span> <span class='ocrx_word' id='word_1_173' title='bbox 561 1537 600 1610; x_wconf 84' lang='lat' dir='ltr'><strong>et,</strong></span> <span class='ocrx_word' id='word_1_174' title='bbox 637 1531 768 1617; x_wconf 81' lang='lat' dir='ltr'><strong>Diyrrua</strong></span> <span class='ocrx_word' id='word_1_175' title='bbox 800 1535 847 1596; x_wconf 83' lang='lat' dir='ltr'><strong>cst</strong></span> <span class='ocrx_word' id='word_1_176' title='bbox 883 1531 1050 1614; x_wconf 65' lang='lat' dir='ltr'><strong>operuisti</strong></span> <span class='ocrx_word' id='word_1_177' title='bbox 1083 1549 1164 1594; x_wconf 86' lang='lat' dir='ltr'><strong>mer·</strong></span> <span class='ocrx_word' id='word_1_178' title='bbox 1213 1529 1428 1607; x_wconf 83' lang='lat' dir='ltr'><strong>animalibus,</strong></span> <span class='ocrx_word' id='word_1_179' title='bbox 1466 1539 1587 1614; x_wconf 83' lang='lat' dir='ltr'><strong>quantu</strong></span> <span class='ocrx_word' id='word_1_180' title='bbox 1621 1532 1694 1615; x_wconf 87' lang='lat' dir='ltr'><strong>plus</strong></span> <span class='ocrx_word' id='word_1_181' title='bbox 1727 1531 1945 1599; x_wconf 89' lang='lat' dir='ltr'><strong>humanitatis</strong></span> <span class='ocrx_word' id='word_1_182' title='bbox 1975 1533 2077 1618; x_wconf 84' lang='lat' dir='ltr'><strong>exigit</strong></span> <span class='ocrx_word' id='word_1_183' title='bbox 2112 1554 2194 1635; x_wconf 86' lang='lat' dir='ltr'><strong>erga</strong></span> 
     </span>
     <span class='ocr_line' id='line_1_15' title="bbox 186 1615 2193 1702; baseline -0.001 -14"><span class='ocrx_word' id='word_1_184' title='bbox 186 1620 255 1688; x_wconf 84' lang='lat' dir='ltr'><strong>tede</strong></span> <span class='ocrx_word' id='word_1_185' title='bbox 276 1640 345 1685; x_wconf 82' lang='lat' dir='ltr'><strong>suc.</strong></span> <span class='ocrx_word' id='word_1_186' title='bbox 388 1617 438 1683; x_wconf 86' lang='lat'><strong>19.</strong></span> <span class='ocrx_word' id='word_1_187' title='bbox 461 1616 626 1684; x_wconf 80' lang='lat' dir='ltr'><strong>Adversus</strong></span> <span class='ocrx_word' id='word_1_188' title='bbox 640 1616 858 1702; x_wconf 75' lang='lat' dir='ltr'><strong>presbyteram</strong></span> <span class='ocrx_word' id='word_1_189' title='bbox 878 1617 1107 1683; x_wconf 65' lang='lat' dir='ltr'><strong>mutauerat</strong></span> <span class='ocrx_word' id='word_1_190' title='bbox 1127 1635 1165 1682; x_wconf 88' lang='lat' dir='ltr'><strong>rte</strong></span> <span class='ocrx_word' id='word_1_191' title='bbox 1215 1617 1302 1700; x_wconf 90' lang='lat' dir='ltr'><strong>ipsas</strong></span> <span class='ocrx_word' id='word_1_192' title='bbox 1324 1615 1496 1681; x_wconf 84' lang='lat' dir='ltr'><strong>homines?</strong></span> <span class='ocrx_word' id='word_1_193' title='bbox 1540 1616 1631 1701; x_wconf 79' lang='lat' dir='ltr'><strong>Ergo</strong></span> <span class='ocrx_word' id='word_1_194' title='bbox 1652 1618 1788 1701; x_wconf 87' lang='lat' dir='ltr'><strong>perinde</strong></span> <span class='ocrx_word' id='word_1_195' title='bbox 1809 1617 1898 1684; x_wconf 86' lang='lat' dir='ltr'><strong>valet</strong></span> <span class='ocrx_word' id='word_1_196' title='bbox 1917 1618 1999 1685; x_wconf 90' lang='lat' dir='ltr'><strong>haec</strong></span> <span class='ocrx_word' id='word_1_197' title='bbox 2018 1626 2193 1700; x_wconf 74' lang='lat' dir='ltr'><strong>sententia,</strong></span> 
     </span>
     <span class='ocr_line' id='line_1_16' title="bbox 184 1700 2194 1786; baseline 0 -14"><span class='ocrx_word' id='word_1_198' title='bbox 184 1706 342 1786; x_wconf 83' lang='lat' dir='ltr'><strong>admittes,</strong></span> <span class='ocrx_word' id='word_1_199' title='bbox 364 1703 431 1771; x_wconf 76' lang='lat' dir='ltr'><strong>atat</strong></span> <span class='ocrx_word' id='word_1_200' title='bbox 447 1703 505 1770; x_wconf 81' lang='lat' dir='ltr'><strong>aab</strong></span> <span class='ocrx_word' id='word_1_201' title='bbox 518 1702 639 1769; x_wconf 70' lang='lat' dir='ltr'><strong>tota</strong></span> <span class='ocrx_word' id='word_1_202' title='bbox 653 1708 709 1768; x_wconf 80' lang='lat' dir='ltr'><strong>att</strong></span> <span class='ocrx_word' id='word_1_203' title='bbox 722 1703 823 1768; x_wconf 84' lang='lat' dir='ltr'><strong>trtbtta</strong></span> <span class='ocrx_word' id='word_1_204' title='bbox 841 1701 977 1769; x_wconf 80' lang='lat' dir='ltr'><strong>tectibus.</strong></span> <span class='ocrx_word' id='word_1_205' title='bbox 1014 1702 1066 1769; x_wconf 81' lang='lat'><strong>20.</strong></span> <span class='ocrx_word' id='word_1_206' title='bbox 1089 1700 1165 1768; x_wconf 86' lang='lat' dir='ltr'><strong>Pet·</strong></span> <span class='ocrx_word' id='word_1_207' title='bbox 1215 1723 1253 1768; x_wconf 89' lang='lat' dir='ltr'><strong>ao</strong></span> <span class='ocrx_word' id='word_1_208' title='bbox 1273 1702 1303 1769; x_wconf 92' lang='lat' dir='ltr'><strong>si</strong></span> <span class='ocrx_word' id='word_1_209' title='bbox 1324 1702 1522 1786; x_wconf 87' lang='lat' dir='ltr'><strong>generaliter</strong></span> <span class='ocrx_word' id='word_1_210' title='bbox 1549 1701 1720 1781; x_wconf 81' lang='lat' dir='ltr'><strong>diceretur,</strong></span> <span class='ocrx_word' id='word_1_211' title='bbox 1751 1725 1819 1770; x_wconf 91' lang='lat' dir='ltr'><strong>non</strong></span> <span class='ocrx_word' id='word_1_212' title='bbox 1849 1723 1920 1773; x_wconf 89' lang='lat' dir='ltr'><strong>csse</strong></span> <span class='ocrx_word' id='word_1_213' title='bbox 1946 1703 2056 1772; x_wconf 89' lang='lat' dir='ltr'><strong>labore</strong></span> <span class='ocrx_word' id='word_1_214' title='bbox 2085 1705 2194 1772; x_wconf 90' lang='lat' dir='ltr'><strong>alieno</strong></span> 
     </span>
     <span class='ocr_line' id='line_1_17' title="bbox 184 1786 2194 1873; baseline 0 -15"><span class='ocrx_word' id='word_1_215' title='bbox 184 1797 289 1858; x_wconf 75' lang='lat' dir='ltr'><strong>motas</strong></span> <span class='ocrx_word' id='word_1_216' title='bbox 320 1808 425 1857; x_wconf 72' lang='lat' dir='ltr'><strong>cuam</strong></span> <span class='ocrx_word' id='word_1_217' title='bbox 448 1787 592 1855; x_wconf 69' lang='lat' dir='ltr'><strong>emata</strong></span> <span class='ocrx_word' id='word_1_218' title='bbox 623 1808 732 1873; x_wconf 75' lang='lat' dir='ltr'><strong>crytae,</strong></span> <span class='ocrx_word' id='word_1_219' title='bbox 763 1793 800 1854; x_wconf 81' lang='lat' dir='ltr'><strong>at</strong></span> <span class='ocrx_word' id='word_1_220' title='bbox 827 1793 855 1854; x_wconf 86' lang='lat' dir='ltr'><strong>et</strong></span> <span class='ocrx_word' id='word_1_221' title='bbox 882 1788 996 1855; x_wconf 81' lang='lat' dir='ltr'><strong>caeteri</strong></span> <span class='ocrx_word' id='word_1_222' title='bbox 1024 1789 1165 1853; x_wconf 75' lang='lat' dir='ltr'><strong>tiomcm</strong></span> <span class='ocrx_word' id='word_1_223' title='bbox 1216 1786 1426 1855; x_wconf 89' lang='lat' dir='ltr'><strong>abutendum.</strong></span> <span class='ocrx_word' id='word_1_224' title='bbox 1474 1787 1665 1854; x_wconf 69' lang='lat' dir='ltr'><strong>Triturandi</strong></span> <span class='ocrx_word' id='word_1_225' title='bbox 1696 1808 1768 1855; x_wconf 90' lang='lat' dir='ltr'><strong>mas</strong></span> <span class='ocrx_word' id='word_1_226' title='bbox 1796 1787 1894 1856; x_wconf 90' lang='lat' dir='ltr'><strong>hodie</strong></span> <span class='ocrx_word' id='word_1_227' title='bbox 1920 1791 2035 1858; x_wconf 87' lang='lat' dir='ltr'><strong>multia</strong></span> <span class='ocrx_word' id='word_1_228' title='bbox 2062 1789 2194 1858; x_wconf 78' lang='lat' dir='ltr'><strong>Galliae</strong></span> 
     </span>
     <span class='ocr_line' id='line_1_18' title="bbox 184 1872 2194 1960; baseline 0 -18"><span class='ocrx_word' id='word_1_229' title='bbox 184 1878 326 1942; x_wconf 79' lang='lat' dir='ltr'><strong>habetat.</strong></span> <span class='ocrx_word' id='word_1_230' title='bbox 377 1875 431 1940; x_wconf 82' lang='lat'><strong>21.</strong></span> <span class='ocrx_word' id='word_1_231' title='bbox 454 1872 612 1941; x_wconf 63' lang='lat' dir='ltr'><strong>(habetor</strong></span> <span class='ocrx_word' id='word_1_232' title='bbox 639 1893 746 1940; x_wconf 81' lang='lat' dir='ltr'><strong>eoram</strong></span> <span class='ocrx_word' id='word_1_233' title='bbox 767 1873 846 1958; x_wconf 88' lang='lat' dir='ltr'><strong>Deo,</strong></span> <span class='ocrx_word' id='word_1_234' title='bbox 874 1879 903 1939; x_wconf 86' lang='lat' dir='ltr'><strong>et</strong></span> <span class='ocrx_word' id='word_1_235' title='bbox 923 1873 1064 1940; x_wconf 81' lang='lat' dir='ltr'><strong>Domino</strong></span> <span class='ocrx_word' id='word_1_236' title='bbox 1087 1873 1165 1940; x_wconf 76' lang='lat' dir='ltr'><strong>Iera</strong></span> <span class='ocrx_word' id='word_1_237' title='bbox 1215 1872 1365 1958; x_wconf 90' lang='lat' dir='ltr'><strong>partibus</strong></span> <span class='ocrx_word' id='word_1_238' title='bbox 1387 1880 1437 1939; x_wconf 91' lang='lat' dir='ltr'><strong>est</strong></span> <span class='ocrx_word' id='word_1_239' title='bbox 1451 1874 1593 1958; x_wconf 89' lang='lat' dir='ltr'><strong>ignotus,</strong></span> <span class='ocrx_word' id='word_1_240' title='bbox 1616 1874 1670 1940; x_wconf 92' lang='lat' dir='ltr'><strong>ubi</strong></span> <span class='ocrx_word' id='word_1_241' title='bbox 1685 1875 1824 1960; x_wconf 88' lang='lat' dir='ltr'><strong>flagellis</strong></span> <span class='ocrx_word' id='word_1_242' title='bbox 1841 1874 1988 1942; x_wconf 90' lang='lat' dir='ltr'><strong>triticum</strong></span> <span class='ocrx_word' id='word_1_243' title='bbox 2005 1877 2194 1954; x_wconf 84' lang='lat' dir='ltr'><strong>excutiunt:</strong></span> 
     </span>
     <span class='ocr_line' id='line_1_19' title="bbox 186 1958 2195 2044; baseline 0 -14"><span class='ocrx_word' id='word_1_244' title='bbox 186 1962 319 2044; x_wconf 66' lang='lat' dir='ltr'><strong>Uiriato,</strong></span> <span class='ocrx_word' id='word_1_245' title='bbox 352 1965 381 2026; x_wconf 87' lang='lat' dir='ltr'><strong>et</strong></span> <span class='ocrx_word' id='word_1_246' title='bbox 411 1959 512 2026; x_wconf 76' lang='lat' dir='ltr'><strong>deciis</strong></span> <span class='ocrx_word' id='word_1_247' title='bbox 539 1959 668 2044; x_wconf 73' lang='lat' dir='ltr'><strong>capelia,</strong></span> <span class='ocrx_word' id='word_1_248' title='bbox 701 1965 735 2025; x_wconf 81' lang='lat' dir='ltr'><strong>ut</strong></span> <span class='ocrx_word' id='word_1_249' title='bbox 762 1959 837 2026; x_wconf 80' lang='lat' dir='ltr'><strong>baec</strong></span> <span class='ocrx_word' id='word_1_250' title='bbox 864 1959 1022 2026; x_wconf 69' lang='lat' dir='ltr'><strong>acutas</strong></span> <span class='ocrx_word' id='word_1_251' title='bbox 1050 1958 1165 2042; x_wconf 75' lang='lat' dir='ltr'><strong>absque</strong></span> <span class='ocrx_word' id='word_1_252' title='bbox 1215 1958 1277 2026; x_wconf 92' lang='lat' dir='ltr'><strong>soli</strong></span> <span class='ocrx_word' id='word_1_253' title='bbox 1309 1958 1535 2026; x_wconf 81' lang='lat' dir='ltr'><strong>Provinciales</strong></span> <span class='ocrx_word' id='word_1_254' title='bbox 1568 1969 1690 2025; x_wconf 89' lang='lat' dir='ltr'><strong>norunt</strong></span> <span class='ocrx_word' id='word_1_255' title='bbox 1722 1961 1801 2044; x_wconf 92' lang='lat' dir='ltr'><strong>quid</strong></span> <span class='ocrx_word' id='word_1_256' title='bbox 1834 1960 1879 2028; x_wconf 88' lang='lat' dir='ltr'><strong>sit</strong></span> <span class='ocrx_word' id='word_1_257' title='bbox 1910 1962 2077 2029; x_wconf 87' lang='lat' dir='ltr'><strong>triturare.</strong></span> <span class='ocrx_word' id='word_1_258' title='bbox 2128 1961 2195 2030; x_wconf 79' lang='lat' dir='ltr'><strong>Sed</strong></span> 
     </span>
     <span class='ocr_line' id='line_1_20' title="bbox 178 2043 2195 2131; baseline 0.001 -19"><span class='ocrx_word' id='word_1_259' title='bbox 178 2047 434 2131; x_wconf 77' lang='lat' dir='ltr'><strong>praecipitatione</strong></span> <span class='ocrx_word' id='word_1_260' title='bbox 461 2046 584 2125; x_wconf 81' lang='lat' dir='ltr'><strong>iuditii,</strong></span> <span class='ocrx_word' id='word_1_261' title='bbox 616 2045 699 2112; x_wconf 80' lang='lat' dir='ltr'><strong>ntttt</strong></span> <span class='ocrx_word' id='word_1_262' title='bbox 722 2045 844 2130; x_wconf 72' lang='lat' dir='ltr'><strong>taciem</strong></span> <span class='ocrx_word' id='word_1_263' title='bbox 869 2045 1003 2112; x_wconf 70' lang='lat' dir='ltr'><strong>tibrum</strong></span> <span class='ocrx_word' id='word_1_264' title='bbox 1034 2045 1070 2111; x_wconf 85' lang='lat' dir='ltr'><strong>itt</strong></span> <span class='ocrx_word' id='word_1_265' title='bbox 1085 2064 1164 2128; x_wconf 82' lang='lat' dir='ltr'><strong>pcr-</strong></span> <span class='ocrx_word' id='word_1_266' title='bbox 1214 2045 1277 2111; x_wconf 92' lang='lat' dir='ltr'><strong>hoc</strong></span> <span class='ocrx_word' id='word_1_267' title='bbox 1298 2043 1382 2110; x_wconf 89' lang='lat' dir='ltr'><strong>nihil</strong></span> <span class='ocrx_word' id='word_1_268' title='bbox 1407 2044 1449 2110; x_wconf 93' lang='lat' dir='ltr'><strong>ad</strong></span> <span class='ocrx_word' id='word_1_269' title='bbox 1471 2064 1621 2111; x_wconf 83' lang='lat' dir='ltr'><strong>sensum:</strong></span> <span class='ocrx_word' id='word_1_270' title='bbox 1650 2045 1727 2129; x_wconf 91' lang='lat' dir='ltr'><strong>quia</strong></span> <span class='ocrx_word' id='word_1_271' title='bbox 1755 2046 1948 2113; x_wconf 88' lang='lat' dir='ltr'><strong>tantundem</strong></span> <span class='ocrx_word' id='word_1_272' title='bbox 1975 2047 2017 2116; x_wconf 92' lang='lat' dir='ltr'><strong>de</strong></span> <span class='ocrx_word' id='word_1_273' title='bbox 2047 2049 2195 2115; x_wconf 89' lang='lat' dir='ltr'><strong>aratione</strong></span> 
     </span>
     <span class='ocr_line' id='line_1_21' title="bbox 182 2130 2195 2219; baseline 0.001 -21"><span class='ocrx_word' id='word_1_274' title='bbox 182 2139 243 2206; x_wconf 85' lang='lat' dir='ltr'><strong>tem</strong></span> <span class='ocrx_word' id='word_1_275' title='bbox 263 2132 457 2200; x_wconf 62' lang='lat' dir='ltr'><strong>Macarta.</strong></span> <span class='ocrx_word' id='word_1_276' title='bbox 1215 2131 1278 2196; x_wconf 89' lang='lat' dir='ltr'><strong>dici</strong></span> <span class='ocrx_word' id='word_1_277' title='bbox 1305 2138 1421 2214; x_wconf 86' lang='lat' dir='ltr'><strong>potest.</strong></span> <span class='ocrx_word' id='word_1_278' title='bbox 1465 2130 1562 2212; x_wconf 79' lang='lat' dir='ltr'><strong>Quod</strong></span> <span class='ocrx_word' id='word_1_279' title='bbox 1591 2131 1722 2200; x_wconf 90' lang='lat' dir='ltr'><strong>subiicit</strong></span> <span class='ocrx_word' id='word_1_280' title='bbox 1750 2133 1904 2199; x_wconf 90' lang='lat' dir='ltr'><strong>continuo</strong></span> <span class='ocrx_word' id='word_1_281' title='bbox 1930 2141 2015 2218; x_wconf 85' lang='lat' dir='ltr'><strong>post,</strong></span> <span class='ocrx_word' id='word_1_282' title='bbox 2046 2155 2195 2219; x_wconf 89' lang='lat' dir='ltr'><strong>opera·</strong></span> 
     </span>
     <span class='ocr_line' id='line_1_22' title="bbox 193 2215 2196 2300; baseline 0.004 -23"><span class='ocrx_word' id='word_1_283' title='bbox 193 2288 196 2296; x_wconf 25' lang='lat'>¹</span> <span class='ocrx_word' id='word_1_284' title='bbox 1215 2218 1321 2282; x_wconf 89' lang='lat' dir='ltr'><strong>rium</strong></span> <span class='ocrx_word' id='word_1_285' title='bbox 1352 2215 1522 2300; x_wconf 89' lang='lat' dir='ltr'><strong>dignum</strong></span> <span class='ocrx_word' id='word_1_286' title='bbox 1552 2236 1644 2284; x_wconf 89' lang='lat' dir='ltr'><strong>esse</strong></span> <span class='ocrx_word' id='word_1_287' title='bbox 1672 2217 1863 2286; x_wconf 87' lang='lat' dir='ltr'><strong>mercede</strong></span> <span class='ocrx_word' id='word_1_288' title='bbox 1892 2239 1980 2298; x_wconf 86' lang='lat' dir='ltr'><strong>sua,</strong></span> <span class='ocrx_word' id='word_1_289' title='bbox 2015 2240 2080 2286; x_wconf 92' lang='lat' dir='ltr'><strong>non</strong></span> <span class='ocrx_word' id='word_1_290' title='bbox 2114 2220 2196 2288; x_wconf 75' lang='lat' dir='ltr'><strong>citat</strong></span> 
     </span>
     <span class='ocr_line' id='line_1_23' title="bbox 272 2300 2195 2388; baseline 0.002 -20"><span class='ocrx_word' id='word_1_291' title='bbox 272 2304 323 2369; x_wconf 85' lang='lat' dir='ltr'><strong>lt.</strong></span> <span class='ocrx_word' id='word_1_292' title='bbox 350 2302 539 2388; x_wconf 74' lang='lat' dir='ltr'><strong>Presbyteri,</strong></span> <span class='ocrx_word' id='word_1_293' title='bbox 562 2304 618 2386; x_wconf 76' lang='lat' dir='ltr'><strong>qai</strong></span> <span class='ocrx_word' id='word_1_294' title='bbox 640 2301 723 2367; x_wconf 84' lang='lat' dir='ltr'><strong>berte.</strong></span> <span class='ocrx_word' id='word_1_295' title='bbox 767 2302 842 2368; x_wconf 92' lang='lat' dir='ltr'><strong>Hoc</strong></span> <span class='ocrx_word' id='word_1_296' title='bbox 870 2321 999 2384; x_wconf 90' lang='lat' dir='ltr'><strong>quoque</strong></span> <span class='ocrx_word' id='word_1_297' title='bbox 1021 2300 1062 2366; x_wconf 92' lang='lat' dir='ltr'><strong>ad</strong></span> <span class='ocrx_word' id='word_1_298' title='bbox 1085 2301 1164 2367; x_wconf 88' lang='lat' dir='ltr'><strong>reti·</strong></span> <span class='ocrx_word' id='word_1_299' title='bbox 1216 2303 1309 2386; x_wconf 88' lang='lat' dir='ltr'><strong>quasi</strong></span> <span class='ocrx_word' id='word_1_300' title='bbox 1345 2303 1528 2386; x_wconf 88' lang='lat' dir='ltr'><strong>scripturae</strong></span> <span class='ocrx_word' id='word_1_301' title='bbox 1563 2303 1806 2370; x_wconf 88' lang='lat' dir='ltr'><strong>testimonium:</strong></span> <span class='ocrx_word' id='word_1_302' title='bbox 1843 2306 1900 2372; x_wconf 89' lang='lat' dir='ltr'><strong>sed</strong></span> <span class='ocrx_word' id='word_1_303' title='bbox 1936 2305 2032 2388; x_wconf 86' lang='lat' dir='ltr'><strong>quasi</strong></span> <span class='ocrx_word' id='word_1_304' title='bbox 2069 2304 2195 2381; x_wconf 87' lang='lat' dir='ltr'><strong>dictum</strong></span> 
     </span>
     <span class='ocr_line' id='line_1_24' title="bbox 188 2387 2196 2474; baseline 0.001 -19"><span class='ocrx_word' id='word_1_305' title='bbox 188 2389 333 2456; x_wconf 92' lang='lat' dir='ltr'><strong>neudum</strong></span> <span class='ocrx_word' id='word_1_306' title='bbox 350 2388 504 2456; x_wconf 74' lang='lat' dir='ltr'><strong>eceloeiae</strong></span> <span class='ocrx_word' id='word_1_307' title='bbox 518 2389 665 2454; x_wconf 92' lang='lat' dir='ltr'><strong>ordinem</strong></span> <span class='ocrx_word' id='word_1_308' title='bbox 681 2389 716 2452; x_wconf 92' lang='lat' dir='ltr'><strong>in</strong></span> <span class='ocrx_word' id='word_1_309' title='bbox 731 2388 846 2470; x_wconf 88' lang='lat' dir='ltr'><strong>primis</strong></span> <span class='ocrx_word' id='word_1_310' title='bbox 861 2402 911 2453; x_wconf 85' lang='lat' dir='ltr'><strong>cat</strong></span> <span class='ocrx_word' id='word_1_311' title='bbox 926 2387 1163 2454; x_wconf 89' lang='lat' dir='ltr'><strong>necessarium:</strong></span> <span class='ocrx_word' id='word_1_312' title='bbox 1216 2388 1430 2474; x_wconf 85' lang='lat' dir='ltr'><strong>proverbiale,</strong></span> <span class='ocrx_word' id='word_1_313' title='bbox 1454 2388 1540 2472; x_wconf 90' lang='lat' dir='ltr'><strong>quod</strong></span> <span class='ocrx_word' id='word_1_314' title='bbox 1563 2388 1715 2455; x_wconf 91' lang='lat' dir='ltr'><strong>omnibns</strong></span> <span class='ocrx_word' id='word_1_315' title='bbox 1737 2389 1839 2455; x_wconf 79' lang='lat' dir='ltr'><strong>dicat</strong></span> <span class='ocrx_word' id='word_1_316' title='bbox 1859 2391 2046 2458; x_wconf 88' lang='lat' dir='ltr'><strong>communis</strong></span> <span class='ocrx_word' id='word_1_317' title='bbox 2068 2411 2196 2459; x_wconf 70' lang='lat' dir='ltr'><strong>sensus</strong></span> 
     </span>
     <span class='ocr_line' id='line_1_25' title="bbox 185 2472 2196 2561; baseline -0.001 -18"><span class='ocrx_word' id='word_1_318' title='bbox 185 2498 251 2543; x_wconf 91' lang='lat' dir='ltr'><strong>non</strong></span> <span class='ocrx_word' id='word_1_319' title='bbox 268 2475 627 2560; x_wconf 85' lang='lat' dir='ltr'><strong>negligipresbyteroa,</strong></span> <span class='ocrx_word' id='word_1_320' title='bbox 650 2473 837 2540; x_wconf 87' lang='lat' dir='ltr'><strong>acdeorum</strong></span> <span class='ocrx_word' id='word_1_321' title='bbox 856 2472 969 2539; x_wconf 87' lang='lat' dir='ltr'><strong>haberi</strong></span> <span class='ocrx_word' id='word_1_322' title='bbox 992 2474 1162 2539; x_wconf 87' lang='lat' dir='ltr'><strong>rationem.</strong></span> <span class='ocrx_word' id='word_1_323' title='bbox 1216 2473 1502 2557; x_wconf 79' lang='lat' dir='ltr'><strong>Quemadmodum</strong></span> <span class='ocrx_word' id='word_1_324' title='bbox 1538 2482 1571 2539; x_wconf 92' lang='lat' dir='ltr'><strong>ct</strong></span> <span class='ocrx_word' id='word_1_325' title='bbox 1607 2473 1762 2541; x_wconf 83' lang='lat' dir='ltr'><strong>Christus</strong></span> <span class='ocrx_word' id='word_1_326' title='bbox 1799 2496 1900 2561; x_wconf 89' lang='lat' dir='ltr'><strong>quum</strong></span> <span class='ocrx_word' id='word_1_327' title='bbox 1937 2475 2025 2543; x_wconf 89' lang='lat' dir='ltr'><strong>idem</strong></span> <span class='ocrx_word' id='word_1_328' title='bbox 2064 2476 2196 2544; x_wconf 82' lang='lat' dir='ltr'><strong>dicebat</strong></span> 
     </span>
     <span class='ocr_line' id='line_1_26' title="bbox 185 2559 2193 2646; baseline 0 -18"><span class='ocrx_word' id='word_1_329' title='bbox 185 2562 275 2645; x_wconf 82' lang='lat' dir='ltr'><strong>Quid</strong></span> <span class='ocrx_word' id='word_1_330' title='bbox 304 2562 390 2627; x_wconf 89' lang='lat' dir='ltr'><strong>enim</strong></span> <span class='ocrx_word' id='word_1_331' title='bbox 421 2560 636 2626; x_wconf 91' lang='lat' dir='ltr'><strong>inhumanius</strong></span> <span class='ocrx_word' id='word_1_332' title='bbox 666 2579 764 2642; x_wconf 89' lang='lat' dir='ltr'><strong>quam</strong></span> <span class='ocrx_word' id='word_1_333' title='bbox 794 2579 848 2624; x_wconf 90' lang='lat' dir='ltr'><strong>eos</strong></span> <span class='ocrx_word' id='word_1_334' title='bbox 872 2578 940 2623; x_wconf 90' lang='lat' dir='ltr'><strong>non</strong></span> <span class='ocrx_word' id='word_1_335' title='bbox 962 2579 1034 2626; x_wconf 88' lang='lat' dir='ltr'><strong>esse</strong></span> <span class='ocrx_word' id='word_1_336' title='bbox 1056 2578 1163 2639; x_wconf 89' lang='lat' dir='ltr'><strong>curae,</strong></span> <span class='ocrx_word' id='word_1_337' title='bbox 1216 2560 1381 2644; x_wconf 88' lang='lat' dir='ltr'><strong>apostolis,</strong></span> <span class='ocrx_word' id='word_1_338' title='bbox 1416 2559 1500 2625; x_wconf 93' lang='lat' dir='ltr'><strong>nihil</strong></span> <span class='ocrx_word' id='word_1_339' title='bbox 1529 2559 1617 2625; x_wconf 92' lang='lat' dir='ltr'><strong>aliud</strong></span> <span class='ocrx_word' id='word_1_340' title='bbox 1647 2580 1745 2644; x_wconf 91' lang='lat' dir='ltr'><strong>quam</strong></span> <span class='ocrx_word' id='word_1_341' title='bbox 1779 2561 1977 2628; x_wconf 76' lang='lat' dir='ltr'><strong>mutantium</strong></span> <span class='ocrx_word' id='word_1_342' title='bbox 2010 2562 2193 2646; x_wconf 82' lang='lat' dir='ltr'><strong>proferebat</strong></span> 
     </span>
     <span class='ocr_line' id='line_1_27' title="bbox 185 2642 2195 2732; baseline 0 -19"><span class='ocrx_word' id='word_1_343' title='bbox 185 2650 242 2732; x_wconf 92' lang='lat' dir='ltr'><strong>qui</strong></span> <span class='ocrx_word' id='word_1_344' title='bbox 258 2647 358 2712; x_wconf 87' lang='lat' dir='ltr'><strong>totius</strong></span> <span class='ocrx_word' id='word_1_345' title='bbox 373 2646 526 2712; x_wconf 90' lang='lat' dir='ltr'><strong>ecclesiae</strong></span> <span class='ocrx_word' id='word_1_346' title='bbox 547 2665 659 2710; x_wconf 93' lang='lat' dir='ltr'><strong>curam</strong></span> <span class='ocrx_word' id='word_1_347' title='bbox 682 2644 825 2728; x_wconf 84' lang='lat' dir='ltr'><strong>gerunt?</strong></span> <span class='ocrx_word' id='word_1_348' title='bbox 861 2642 976 2729; x_wconf 83' lang='lat' dir='ltr'><strong>Neque</strong></span> <span class='ocrx_word' id='word_1_349' title='bbox 998 2645 1086 2710; x_wconf 91' lang='lat' dir='ltr'><strong>euim</strong></span> <span class='ocrx_word' id='word_1_350' title='bbox 1108 2644 1163 2711; x_wconf 90' lang='lat' dir='ltr'><strong>hic</strong></span> <span class='ocrx_word' id='word_1_351' title='bbox 1215 2648 1361 2712; x_wconf 91' lang='lat' dir='ltr'><strong>omnium</strong></span> <span class='ocrx_word' id='word_1_352' title='bbox 1383 2666 1542 2712; x_wconf 86' lang='lat' dir='ltr'><strong>consensu</strong></span> <span class='ocrx_word' id='word_1_353' title='bbox 1565 2647 1787 2730; x_wconf 87' lang='lat' dir='ltr'><strong>approbatam.</strong></span> <span class='ocrx_word' id='word_1_354' title='bbox 1832 2648 1923 2732; x_wconf 78' lang='lat' dir='ltr'><strong>Ergo</strong></span> <span class='ocrx_word' id='word_1_355' title='bbox 1945 2647 2093 2715; x_wconf 86' lang='lat' dir='ltr'><strong>crudeles</strong></span> <span class='ocrx_word' id='word_1_356' title='bbox 2115 2656 2195 2713; x_wconf 90' lang='lat' dir='ltr'><strong>sunt</strong></span> 
     </span>
     <span class='ocr_line' id='line_1_28' title="bbox 185 2729 2191 2819; baseline 0 -19"><span class='ocrx_word' id='word_1_357' title='bbox 185 2733 303 2800; x_wconf 88' lang='lat' dir='ltr'><strong>aetatis</strong></span> <span class='ocrx_word' id='word_1_358' title='bbox 333 2752 453 2798; x_wconf 91' lang='lat' dir='ltr'><strong>nomen</strong></span> <span class='ocrx_word' id='word_1_359' title='bbox 483 2739 533 2797; x_wconf 88' lang='lat' dir='ltr'><strong>est</strong></span> <span class='ocrx_word' id='word_1_360' title='bbox 562 2730 789 2818; x_wconf 77' lang='grc' dir='ltr'><strong>πρεσβύτερος,</strong></span> <span class='ocrx_word' id='word_1_361' title='bbox 819 2731 875 2796; x_wconf 89' lang='lat' dir='ltr'><strong>sed</strong></span> <span class='ocrx_word' id='word_1_362' title='bbox 905 2731 1013 2798; x_wconf 86' lang='lat' dir='ltr'><strong>officii.</strong></span> <span class='ocrx_word' id='word_1_363' title='bbox 1067 2729 1162 2811; x_wconf 81' lang='lat' dir='ltr'><strong>Quod</strong></span> <span class='ocrx_word' id='word_1_364' title='bbox 1216 2743 1250 2797; x_wconf 90' lang='lat' dir='ltr'><strong>ct</strong></span> <span class='ocrx_word' id='word_1_365' title='bbox 1264 2732 1371 2797; x_wconf 89' lang='lat' dir='ltr'><strong>omnis</strong></span> <span class='ocrx_word' id='word_1_366' title='bbox 1392 2732 1565 2814; x_wconf 90' lang='lat' dir='ltr'><strong>aequitatis</strong></span> <span class='ocrx_word' id='word_1_367' title='bbox 1578 2733 1796 2810; x_wconf 89' lang='lat' dir='ltr'><strong>immemores,</strong></span> <span class='ocrx_word' id='word_1_368' title='bbox 1818 2734 1876 2819; x_wconf 91' lang='lat' dir='ltr'><strong>qui</strong></span> <span class='ocrx_word' id='word_1_369' title='bbox 1890 2734 2047 2813; x_wconf 90' lang='lat' dir='ltr'><strong>iumenta,</strong></span> <span class='ocrx_word' id='word_1_370' title='bbox 2070 2734 2191 2800; x_wconf 91' lang='lat' dir='ltr'><strong>nedum</strong></span> 
     </span>
     <span class='ocr_line' id='line_1_29' title="bbox 185 2816 2195 2903; baseline -0 -18"><span class='ocrx_word' id='word_1_371' title='bbox 185 2818 398 2902; x_wconf 87' lang='lat' dir='ltr'><strong>duplicem</strong></span> <span class='ocrx_word' id='word_1_372' title='bbox 428 2817 629 2883; x_wconf 91' lang='lat' dir='ltr'><strong>honorem</strong></span> <span class='ocrx_word' id='word_1_373' title='bbox 651 2818 887 2899; x_wconf 89' lang='lat' dir='ltr'><strong>iuterpretatur</strong></span> <span class='ocrx_word' id='word_1_374' title='bbox 908 2816 1163 2901; x_wconf 75' lang='lat' dir='ltr'><strong>chrysostomus</strong></span> <span class='ocrx_word' id='word_1_375' title='bbox 1216 2817 1374 2894; x_wconf 86' lang='lat' dir='ltr'><strong>homines,</strong></span> <span class='ocrx_word' id='word_1_376' title='bbox 1396 2818 1521 2884; x_wconf 74' lang='lat' dir='ltr'><strong>caurus</strong></span> <span class='ocrx_word' id='word_1_377' title='bbox 1543 2817 1664 2894; x_wconf 90' lang='lat' dir='ltr'><strong>sinunt,</strong></span> <span class='ocrx_word' id='word_1_378' title='bbox 1688 2838 1825 2902; x_wconf 89' lang='lat' dir='ltr'><strong>quorum</strong></span> <span class='ocrx_word' id='word_1_379' title='bbox 1848 2819 2003 2885; x_wconf 92' lang='lat' dir='ltr'><strong>sudorem</strong></span> <span class='ocrx_word' id='word_1_380' title='bbox 2026 2829 2195 2903; x_wconf 87' lang='lat' dir='ltr'><strong>exsugnnt</strong></span> 
     </span>
     <span class='ocr_line' id='line_1_30' title="bbox 189 2901 2194 2986; baseline -0.001 -15"><span class='ocrx_word' id='word_1_381' title='bbox 189 2905 314 2972; x_wconf 84' lang='lat' dir='ltr'><strong>victum</strong></span> <span class='ocrx_word' id='word_1_382' title='bbox 330 2913 363 2968; x_wconf 92' lang='lat' dir='ltr'><strong>et</strong></span> <span class='ocrx_word' id='word_1_383' title='bbox 378 2902 605 2984; x_wconf 82' lang='lat' dir='ltr'><strong>reverentiam,</strong></span> <span class='ocrx_word' id='word_1_384' title='bbox 627 2923 695 2968; x_wconf 92' lang='lat' dir='ltr'><strong>non</strong></span> <span class='ocrx_word' id='word_1_385' title='bbox 716 2903 891 2986; x_wconf 89' lang='lat' dir='ltr'><strong>impugno:</strong></span> <span class='ocrx_word' id='word_1_386' title='bbox 914 2911 1072 2985; x_wconf 86' lang='lat' dir='ltr'><strong>sequatur</strong></span> <span class='ocrx_word' id='word_1_387' title='bbox 1093 2903 1163 2967; x_wconf 91' lang='lat' dir='ltr'><strong>eius</strong></span> <span class='ocrx_word' id='word_1_388' title='bbox 1214 2903 1249 2969; x_wconf 93' lang='lat' dir='ltr'><strong>in</strong></span> <span class='ocrx_word' id='word_1_389' title='bbox 1272 2923 1366 2969; x_wconf 89' lang='lat' dir='ltr'><strong>suum</strong></span> <span class='ocrx_word' id='word_1_390' title='bbox 1384 2901 1600 2970; x_wconf 89' lang='lat' dir='ltr'><strong>commodum.</strong></span> <span class='ocrx_word' id='word_1_391' title='bbox 1639 2903 1772 2984; x_wconf 77' lang='lat' dir='ltr'><strong>Quanto</strong></span> <span class='ocrx_word' id='word_1_392' title='bbox 1795 2908 1905 2972; x_wconf 87' lang='lat' dir='ltr'><strong>autem</strong></span> <span class='ocrx_word' id='word_1_393' title='bbox 1921 2906 2034 2972; x_wconf 90' lang='lat' dir='ltr'><strong>minus</strong></span> <span class='ocrx_word' id='word_1_394' title='bbox 2057 2904 2194 2972; x_wconf 83' lang='lat' dir='ltr'><strong>ferenda</strong></span> 
     </span>
     <span class='ocr_line' id='line_1_31' title="bbox 185 2986 2194 3161; baseline -0 -19"><span class='ocrx_word' id='word_1_395' title='bbox 185 2988 1051 3159; x_wconf 58' lang='lat' dir='ltr'><strong>tt&#39;ltt‘tttithtllttttttltltt</strong></span> <span class='ocrx_word' id='word_1_396' title='bbox 1071 2986 1162 3156; x_wconf 72' lang='lat' dir='ltr'><strong>tlt·</strong></span> <span class='ocrx_word' id='word_1_397' title='bbox 1215 2989 2194 3161; x_wconf 63' lang='lat' dir='ltr'><strong>{ttmqttt‘tlttttttitttttt‘tltt‘tttt</strong></span> 
     </span>
     <span class='ocr_line' id='line_1_32' title="bbox 184 3157 1417 3247; baseline -0.002 -20"><span class='ocrx_word' id='word_1_398' title='bbox 184 3157 329 3247; x_wconf 85' lang='lat' dir='ltr'><strong>byteros.</strong></span> <span class='ocrx_word' id='word_1_399' title='bbox 383 3162 482 3227; x_wconf 91' lang='lat' dir='ltr'><strong>Prius</strong></span> <span class='ocrx_word' id='word_1_400' title='bbox 513 3161 656 3228; x_wconf 87' lang='lat' dir='ltr'><strong>iusserat</strong></span> <span class='ocrx_word' id='word_1_401' title='bbox 688 3159 824 3237; x_wconf 90' lang='lat' dir='ltr'><strong>Paulus,</strong></span> <span class='ocrx_word' id='word_1_402' title='bbox 859 3161 1017 3226; x_wconf 89' lang='lat' dir='ltr'><strong>honorem</strong></span> <span class='ocrx_word' id='word_1_403' title='bbox 1050 3157 1163 3224; x_wconf 90' lang='lat' dir='ltr'><strong>haberi</strong></span> <span class='ocrx_word' id='word_1_404' title='bbox 1215 3159 1417 3245; x_wconf 82' lang='lat' dir='ltr'><strong>rependere?</strong></span> 
     </span>
     <span class='ocr_line' id='line_1_33' title="bbox 185 3245 2193 3332; baseline 0 -19"><span class='ocrx_word' id='word_1_405' title='bbox 185 3248 311 3314; x_wconf 88' lang='lat' dir='ltr'><strong>viduis:</strong></span> <span class='ocrx_word' id='word_1_406' title='bbox 334 3248 424 3331; x_wconf 91' lang='lat' dir='ltr'><strong>atqui</strong></span> <span class='ocrx_word' id='word_1_407' title='bbox 439 3248 563 3314; x_wconf 90' lang='lat' dir='ltr'><strong>honore</strong></span> <span class='ocrx_word' id='word_1_408' title='bbox 577 3246 742 3330; x_wconf 86' lang='lat' dir='ltr'><strong>digniores</strong></span> <span class='ocrx_word' id='word_1_409' title='bbox 760 3255 838 3311; x_wconf 89' lang='lat' dir='ltr'><strong>sunt</strong></span> <span class='ocrx_word' id='word_1_410' title='bbox 859 3246 1041 3332; x_wconf 82' lang='lat' dir='ltr'><strong>presbyteri</strong></span> <span class='ocrx_word' id='word_1_411' title='bbox 1064 3266 1163 3330; x_wconf 91' lang='lat' dir='ltr'><strong>quam</strong></span> <span class='ocrx_word' id='word_1_412' title='bbox 1303 3245 1354 3313; x_wconf 88' lang='grc'><strong>19.</strong></span> <span class='ocrx_word' id='word_1_413' title='bbox 1377 3247 1540 3313; x_wconf 65' lang='lat' dir='ltr'><strong>Maean</strong></span> <span class='ocrx_word' id='word_1_414' title='bbox 1555 3247 1778 3331; x_wconf 75' lang='lat' dir='ltr'><strong>presbyteratu</strong></span> <span class='ocrx_word' id='word_1_415' title='bbox 1823 3248 2000 3331; x_wconf 86' lang='lat' dir='ltr'><strong>Postquam</strong></span> <span class='ocrx_word' id='word_1_416' title='bbox 2030 3246 2193 3332; x_wconf 88' lang='lat' dir='ltr'><strong>stipendia</strong></span> 
     </span>
     <span class='ocr_line' id='line_1_34' title="bbox 188 3331 2189 3418; baseline 0 -20"><span class='ocrx_word' id='word_1_417' title='bbox 188 3334 281 3398; x_wconf 88' lang='lat' dir='ltr'><strong>illae:</strong></span> <span class='ocrx_word' id='word_1_418' title='bbox 304 3352 407 3416; x_wconf 90' lang='lat' dir='ltr'><strong>quare</strong></span> <span class='ocrx_word' id='word_1_419' title='bbox 421 3331 474 3397; x_wconf 92' lang='lat' dir='ltr'><strong>his</strong></span> <span class='ocrx_word' id='word_1_420' title='bbox 496 3333 617 3415; x_wconf 88' lang='lat' dir='ltr'><strong>duplex</strong></span> <span class='ocrx_word' id='word_1_421' title='bbox 639 3331 743 3398; x_wconf 91' lang='lat' dir='ltr'><strong>honor</strong></span> <span class='ocrx_word' id='word_1_422' title='bbox 763 3351 876 3398; x_wconf 92' lang='lat' dir='ltr'><strong>earum</strong></span> <span class='ocrx_word' id='word_1_423' title='bbox 897 3342 1047 3415; x_wconf 88' lang='lat' dir='ltr'><strong>respectu</strong></span> <span class='ocrx_word' id='word_1_424' title='bbox 1070 3331 1163 3397; x_wconf 86' lang='lat' dir='ltr'><strong>exhi·</strong></span> <span class='ocrx_word' id='word_1_425' title='bbox 1214 3332 1312 3399; x_wconf 90' lang='lat' dir='ltr'><strong>iussit</strong></span> <span class='ocrx_word' id='word_1_426' title='bbox 1333 3334 1461 3418; x_wconf 87' lang='lat' dir='ltr'><strong>erogari</strong></span> <span class='ocrx_word' id='word_1_427' title='bbox 1490 3333 1683 3414; x_wconf 85' lang='lat' dir='ltr'><strong>pastoribus,</strong></span> <span class='ocrx_word' id='word_1_428' title='bbox 1713 3332 1920 3399; x_wconf 73' lang='lat' dir='ltr'><strong>Timotheum</strong></span> <span class='ocrx_word' id='word_1_429' title='bbox 1952 3335 2051 3399; x_wconf 91' lang='lat' dir='ltr'><strong>etiam</strong></span> <span class='ocrx_word' id='word_1_430' title='bbox 2077 3334 2189 3399; x_wconf 89' lang='lat' dir='ltr'><strong>admo·</strong></span> 
     </span>
     <span class='ocr_line' id='line_1_35' title="bbox 187 3416 2191 3500; baseline -0 -15"><span class='ocrx_word' id='word_1_431' title='bbox 187 3417 325 3485; x_wconf 92' lang='lat' dir='ltr'><strong>bendus.</strong></span> <span class='ocrx_word' id='word_1_432' title='bbox 371 3417 438 3484; x_wconf 84' lang='lat' dir='ltr'><strong>Sed</strong></span> <span class='ocrx_word' id='word_1_433' title='bbox 466 3423 504 3483; x_wconf 90' lang='lat' dir='ltr'><strong>ut</strong></span> <span class='ocrx_word' id='word_1_434' title='bbox 531 3418 683 3485; x_wconf 89' lang='lat' dir='ltr'><strong>ostendat</strong></span> <span class='ocrx_word' id='word_1_435' title='bbox 711 3438 746 3482; x_wconf 91' lang='lat' dir='ltr'><strong>se</strong></span> <span class='ocrx_word' id='word_1_436' title='bbox 775 3416 885 3485; x_wconf 83' lang='lat' dir='ltr'><strong>larvas</strong></span> <span class='ocrx_word' id='word_1_437' title='bbox 910 3437 974 3482; x_wconf 92' lang='lat' dir='ltr'><strong>non</strong></span> <span class='ocrx_word' id='word_1_438' title='bbox 997 3439 1163 3484; x_wconf 89' lang='lat' dir='ltr'><strong>commen·</strong></span> <span class='ocrx_word' id='word_1_439' title='bbox 1216 3429 1282 3498; x_wconf 90' lang='lat' dir='ltr'><strong>net,</strong></span> <span class='ocrx_word' id='word_1_440' title='bbox 1311 3437 1354 3482; x_wconf 93' lang='lat' dir='ltr'><strong>ne</strong></span> <span class='ocrx_word' id='word_1_441' title='bbox 1375 3421 1462 3484; x_wconf 91' lang='lat' dir='ltr'><strong>sinat</strong></span> <span class='ocrx_word' id='word_1_442' title='bbox 1491 3438 1546 3483; x_wconf 91' lang='lat' dir='ltr'><strong>eos</strong></span> <span class='ocrx_word' id='word_1_443' title='bbox 1567 3418 1720 3483; x_wconf 83' lang='lat' dir='ltr'><strong>infamari</strong></span> <span class='ocrx_word' id='word_1_444' title='bbox 1742 3419 1925 3500; x_wconf 87' lang='lat' dir='ltr'><strong>calumniis,</strong></span> <span class='ocrx_word' id='word_1_445' title='bbox 1955 3439 2017 3486; x_wconf 87' lang='lat' dir='ltr'><strong>nea</strong></span> <span class='ocrx_word' id='word_1_446' title='bbox 2039 3419 2107 3485; x_wconf 86' lang='lat' dir='ltr'><strong>ulls</strong></span> <span class='ocrx_word' id='word_1_447' title='bbox 2126 3421 2191 3484; x_wconf 89' lang='lat' dir='ltr'><strong>cri·</strong></span> 
     </span>
     <span class='ocr_line' id='line_1_36' title="bbox 187 3501 2192 3588; baseline 0 -19"><span class='ocrx_word' id='word_1_448' title='bbox 187 3503 275 3584; x_wconf 90' lang='lat' dir='ltr'><strong>darc,</strong></span> <span class='ocrx_word' id='word_1_449' title='bbox 288 3503 389 3582; x_wconf 90' lang='lat' dir='ltr'><strong>addit,</strong></span> <span class='ocrx_word' id='word_1_450' title='bbox 412 3505 480 3588; x_wconf 91' lang='lat' dir='ltr'><strong>qui</strong></span> <span class='ocrx_word' id='word_1_451' title='bbox 498 3505 600 3570; x_wconf 90' lang='lat' dir='ltr'><strong>bene</strong></span> <span class='ocrx_word' id='word_1_452' title='bbox 617 3515 834 3587; x_wconf 89' lang='lat' dir='ltr'><strong>praesunt:</strong></span> <span class='ocrx_word' id='word_1_453' title='bbox 855 3503 917 3568; x_wconf 90' lang='lat' dir='ltr'><strong>hoc</strong></span> <span class='ocrx_word' id='word_1_454' title='bbox 935 3515 995 3588; x_wconf 92' lang='lat' dir='ltr'><strong>est,</strong></span> <span class='ocrx_word' id='word_1_455' title='bbox 1011 3504 1068 3586; x_wconf 93' lang='lat' dir='ltr'><strong>qui</strong></span> <span class='ocrx_word' id='word_1_456' title='bbox 1083 3501 1163 3568; x_wconf 86' lang='lat' dir='ltr'><strong>fide·</strong></span> <span class='ocrx_word' id='word_1_457' title='bbox 1215 3505 1393 3571; x_wconf 88' lang='lat' dir='ltr'><strong>minatione</strong></span> <span class='ocrx_word' id='word_1_458' title='bbox 1414 3504 1554 3587; x_wconf 85' lang='lat' dir='ltr'><strong>gravari,</strong></span> <span class='ocrx_word' id='word_1_459' title='bbox 1583 3503 1647 3568; x_wconf 93' lang='lat' dir='ltr'><strong>nisi</strong></span> <span class='ocrx_word' id='word_1_460' title='bbox 1669 3524 1752 3587; x_wconf 89' lang='lat' dir='ltr'><strong>quae</strong></span> <span class='ocrx_word' id='word_1_461' title='bbox 1781 3505 1906 3569; x_wconf 89' lang='lat' dir='ltr'><strong>nitatur</strong></span> <span class='ocrx_word' id='word_1_462' title='bbox 1928 3504 2077 3588; x_wconf 90' lang='lat' dir='ltr'><strong>legitimo</strong></span> <span class='ocrx_word' id='word_1_463' title='bbox 2102 3505 2192 3572; x_wconf 85' lang='lat' dir='ltr'><strong>lesti-</strong></span> 
     </span>
     <span class='ocr_line' id='line_1_37' title="bbox 186 3587 2190 3677; baseline 0.001 -23"><span class='ocrx_word' id='word_1_464' title='bbox 186 3590 263 3656; x_wconf 91' lang='lat' dir='ltr'><strong>liter</strong></span> <span class='ocrx_word' id='word_1_465' title='bbox 292 3597 325 3656; x_wconf 93' lang='lat' dir='ltr'><strong>et</strong></span> <span class='ocrx_word' id='word_1_466' title='bbox 351 3598 483 3656; x_wconf 73' lang='lat' dir='ltr'><strong>suanae</strong></span> <span class='ocrx_word' id='word_1_467' title='bbox 511 3589 707 3656; x_wconf 91' lang='lat' dir='ltr'><strong>incumbunt</strong></span> <span class='ocrx_word' id='word_1_468' title='bbox 733 3607 792 3653; x_wconf 92' lang='lat' dir='ltr'><strong>suo</strong></span> <span class='ocrx_word' id='word_1_469' title='bbox 821 3590 961 3654; x_wconf 85' lang='lat' dir='ltr'><strong>muneri.</strong></span> <span class='ocrx_word' id='word_1_470' title='bbox 1011 3588 1097 3654; x_wconf 90' lang='lat' dir='ltr'><strong>Nam</strong></span> <span class='ocrx_word' id='word_1_471' title='bbox 1127 3597 1165 3653; x_wconf 90' lang='lat' dir='ltr'><strong>ut</strong></span> <span class='ocrx_word' id='word_1_472' title='bbox 1215 3590 1334 3655; x_wconf 90' lang='lat' dir='ltr'><strong>monio.</strong></span> <span class='ocrx_word' id='word_1_473' title='bbox 1364 3587 1431 3655; x_wconf 83' lang='lat' dir='ltr'><strong>Sed</strong></span> <span class='ocrx_word' id='word_1_474' title='bbox 1447 3598 1556 3671; x_wconf 92' lang='lat' dir='ltr'><strong>posset</strong></span> <span class='ocrx_word' id='word_1_475' title='bbox 1570 3587 1632 3656; x_wconf 90' lang='lat' dir='ltr'><strong>hoc</strong></span> <span class='ocrx_word' id='word_1_476' title='bbox 1648 3588 1753 3655; x_wconf 84' lang='lat' dir='ltr'><strong>videri</strong></span> <span class='ocrx_word' id='word_1_477' title='bbox 1768 3590 1954 3668; x_wconf 89' lang='lat' dir='ltr'><strong>absurdum,</strong></span> <span class='ocrx_word' id='word_1_478' title='bbox 1970 3591 2058 3674; x_wconf 91' lang='lat' dir='ltr'><strong>quod</strong></span> <span class='ocrx_word' id='word_1_479' title='bbox 2074 3591 2190 3677; x_wconf 89' lang='lat' dir='ltr'><strong>legem,</strong></span> 
     </span>
     <span class='ocr_line' id='line_1_38' title="bbox 186 3673 2192 3761; baseline 0 -19"><span class='ocrx_word' id='word_1_480' title='bbox 186 3675 311 3743; x_wconf 88' lang='lat' dir='ltr'><strong>centies</strong></span> <span class='ocrx_word' id='word_1_481' title='bbox 332 3677 404 3760; x_wconf 89' lang='lat' dir='ltr'><strong>quis</strong></span> <span class='ocrx_word' id='word_1_482' title='bbox 426 3676 533 3742; x_wconf 90' lang='lat' dir='ltr'><strong>locum</strong></span> <span class='ocrx_word' id='word_1_483' title='bbox 556 3675 702 3741; x_wconf 91' lang='lat' dir='ltr'><strong>obtineat</strong></span> <span class='ocrx_word' id='word_1_484' title='bbox 732 3683 765 3737; x_wconf 91' lang='lat' dir='ltr'><strong>et</strong></span> <span class='ocrx_word' id='word_1_485' title='bbox 788 3673 922 3740; x_wconf 88' lang='lat' dir='ltr'><strong>titulum</strong></span> <span class='ocrx_word' id='word_1_486' title='bbox 956 3674 1064 3757; x_wconf 87' lang='lat' dir='ltr'><strong>iactet,</strong></span> <span class='ocrx_word' id='word_1_487' title='bbox 1098 3675 1162 3740; x_wconf 90' lang='lat' dir='ltr'><strong>nisi</strong></span> <span class='ocrx_word' id='word_1_488' title='bbox 1215 3695 1297 3759; x_wconf 91' lang='lat' dir='ltr'><strong>quae</strong></span> <span class='ocrx_word' id='word_1_489' title='bbox 1320 3675 1467 3739; x_wconf 90' lang='lat' dir='ltr'><strong>omnium</strong></span> <span class='ocrx_word' id='word_1_490' title='bbox 1494 3683 1545 3738; x_wconf 90' lang='lat' dir='ltr'><strong>est</strong></span> <span class='ocrx_word' id='word_1_491' title='bbox 1566 3677 1759 3757; x_wconf 88' lang='lat' dir='ltr'><strong>communis,</strong></span> <span class='ocrx_word' id='word_1_492' title='bbox 1785 3675 1985 3761; x_wconf 85' lang='lat' dir='ltr'><strong>presbyteris</strong></span> <span class='ocrx_word' id='word_1_493' title='bbox 2015 3678 2111 3760; x_wconf 87' lang='lat' dir='ltr'><strong>quasi</strong></span> <span class='ocrx_word' id='word_1_494' title='bbox 2138 3699 2192 3761; x_wconf 92' lang='lat' dir='ltr'><strong>pe·</strong></span> 
     </span>
     <span class='ocr_line' id='line_1_39' title="bbox 185 3759 2192 3844; baseline 0 -17"><span class='ocrx_word' id='word_1_495' title='bbox 185 3782 307 3828; x_wconf 90' lang='lat' dir='ltr'><strong>munus</strong></span> <span class='ocrx_word' id='word_1_496' title='bbox 322 3761 421 3828; x_wconf 91' lang='lat' dir='ltr'><strong>simul</strong></span> <span class='ocrx_word' id='word_1_497' title='bbox 436 3772 595 3839; x_wconf 86' lang='lat' dir='ltr'><strong>exerceat,</strong></span> <span class='ocrx_word' id='word_1_498' title='bbox 618 3760 709 3825; x_wconf 88' lang='lat' dir='ltr'><strong>nullo</strong></span> <span class='ocrx_word' id='word_1_499' title='bbox 723 3760 795 3824; x_wconf 90' lang='lat' dir='ltr'><strong>iure</strong></span> <span class='ocrx_word' id='word_1_500' title='bbox 817 3759 987 3844; x_wconf 88' lang='lat' dir='ltr'><strong>stipendiis</strong></span> <span class='ocrx_word' id='word_1_501' title='bbox 1009 3759 1163 3826; x_wconf 71' lang='lat' dir='ltr'><strong>catenae</strong></span> <span class='ocrx_word' id='word_1_502' title='bbox 1214 3760 1370 3827; x_wconf 90' lang='lat' dir='ltr'><strong>culiarem</strong></span> <span class='ocrx_word' id='word_1_503' title='bbox 1392 3759 1478 3826; x_wconf 84' lang='lat' dir='ltr'><strong>lacit.</strong></span> <span class='ocrx_word' id='word_1_504' title='bbox 1523 3760 1595 3825; x_wconf 90' lang='lat' dir='ltr'><strong>Hoc</strong></span> <span class='ocrx_word' id='word_1_505' title='bbox 1623 3760 1704 3825; x_wconf 90' lang='lat' dir='ltr'><strong>iuris</strong></span> <span class='ocrx_word' id='word_1_506' title='bbox 1725 3761 1759 3824; x_wconf 92' lang='lat' dir='ltr'><strong>in</strong></span> <span class='ocrx_word' id='word_1_507' title='bbox 1787 3762 1894 3827; x_wconf 86' lang='lat' dir='ltr'><strong>causis</strong></span> <span class='ocrx_word' id='word_1_508' title='bbox 1927 3762 2080 3827; x_wconf 89' lang='lat' dir='ltr'><strong>omnibus</strong></span> <span class='ocrx_word' id='word_1_509' title='bbox 2101 3761 2192 3828; x_wconf 92' lang='lat' dir='ltr'><strong>Deus</strong></span> 
     </span>
     <span class='ocr_line' id='line_1_40' title="bbox 186 3843 2192 3931; baseline -0.001 -17"><span class='ocrx_word' id='word_1_510' title='bbox 186 3869 222 3914; x_wconf 94' lang='lat' dir='ltr'><strong>se</strong></span> <span class='ocrx_word' id='word_1_511' title='bbox 245 3847 288 3914; x_wconf 92' lang='lat' dir='ltr'><strong>ali</strong></span> <span class='ocrx_word' id='word_1_512' title='bbox 311 3848 499 3931; x_wconf 88' lang='lat' dir='ltr'><strong>postulabit.</strong></span> <span class='ocrx_word' id='word_1_513' title='bbox 545 3845 696 3928; x_wconf 91' lang='lat' dir='ltr'><strong>Denique</strong></span> <span class='ocrx_word' id='word_1_514' title='bbox 717 3845 880 3929; x_wconf 88' lang='lat' dir='ltr'><strong>significat</strong></span> <span class='ocrx_word' id='word_1_515' title='bbox 901 3866 968 3912; x_wconf 90' lang='lat' dir='ltr'><strong>non</strong></span> <span class='ocrx_word' id='word_1_516' title='bbox 991 3844 1085 3912; x_wconf 90' lang='lat' dir='ltr'><strong>titula</strong></span> <span class='ocrx_word' id='word_1_517' title='bbox 1106 3843 1160 3909; x_wconf 91' lang='lat' dir='ltr'><strong>de·</strong></span> <span class='ocrx_word' id='word_1_518' title='bbox 1215 3845 1425 3931; x_wconf 85' lang='lat' dir='ltr'><strong>praescribit:</strong></span> <span class='ocrx_word' id='word_1_519' title='bbox 1455 3851 1493 3910; x_wconf 89' lang='lat' dir='ltr'><strong>ut</strong></span> <span class='ocrx_word' id='word_1_520' title='bbox 1521 3866 1562 3910; x_wconf 85' lang='lat' dir='ltr'><strong>ex</strong></span> <span class='ocrx_word' id='word_1_521' title='bbox 1592 3866 1648 3911; x_wconf 88' lang='lat' dir='ltr'><strong>cra</strong></span> <span class='ocrx_word' id='word_1_522' title='bbox 1677 3845 1816 3911; x_wconf 91' lang='lat' dir='ltr'><strong>ducrum</strong></span> <span class='ocrx_word' id='word_1_523' title='bbox 1847 3855 1904 3911; x_wconf 89' lang='lat' dir='ltr'><strong>aut</strong></span> <span class='ocrx_word' id='word_1_524' title='bbox 1933 3847 2032 3912; x_wconf 89' lang='lat' dir='ltr'><strong>trium</strong></span> <span class='ocrx_word' id='word_1_525' title='bbox 2057 3850 2192 3914; x_wconf 85' lang='lat' dir='ltr'><strong>testium</strong></span> 
     </span>
     <span class='ocr_line' id='line_1_41' title="bbox 186 3930 2189 4016; baseline -0.001 -16"><span class='ocrx_word' id='word_1_526' title='bbox 186 3934 258 4000; x_wconf 89' lang='lat' dir='ltr'><strong>beri</strong></span> <span class='ocrx_word' id='word_1_527' title='bbox 273 3933 442 4013; x_wconf 89' lang='lat' dir='ltr'><strong>honorem,</strong></span> <span class='ocrx_word' id='word_1_528' title='bbox 464 3932 520 3999; x_wconf 88' lang='lat' dir='ltr'><strong>sed</strong></span> <span class='ocrx_word' id='word_1_529' title='bbox 535 3951 654 4015; x_wconf 86' lang='lat' dir='ltr'><strong>operae</strong></span> <span class='ocrx_word' id='word_1_530' title='bbox 668 3950 768 4015; x_wconf 89' lang='lat' dir='ltr'><strong>quam</strong></span> <span class='ocrx_word' id='word_1_531' title='bbox 782 3932 978 4016; x_wconf 89' lang='lat' dir='ltr'><strong>impendunt</strong></span> <span class='ocrx_word' id='word_1_532' title='bbox 998 3932 1034 3997; x_wconf 93' lang='lat' dir='ltr'><strong>in</strong></span> <span class='ocrx_word' id='word_1_533' title='bbox 1056 3930 1163 3999; x_wconf 79' lang='lat' dir='ltr'><strong>offitio</strong></span> <span class='ocrx_word' id='word_1_534' title='bbox 1215 3933 1426 3998; x_wconf 87' lang='lat' dir='ltr'><strong>definiantur.</strong></span> <span class='ocrx_word' id='word_1_535' title='bbox 1469 3930 1539 3997; x_wconf 84' lang='lat' dir='ltr'><strong>(lur</strong></span> <span class='ocrx_word' id='word_1_536' title='bbox 1566 3950 1644 4015; x_wconf 88' lang='lat' dir='ltr'><strong>ergo</strong></span> <span class='ocrx_word' id='word_1_537' title='bbox 1665 3930 1726 3997; x_wconf 92' lang='lat' dir='ltr'><strong>hoo</strong></span> <span class='ocrx_word' id='word_1_538' title='bbox 1756 3930 1851 4014; x_wconf 89' lang='lat' dir='ltr'><strong>quasi</strong></span> <span class='ocrx_word' id='word_1_539' title='bbox 1872 3932 2031 4016; x_wconf 77' lang='lat' dir='ltr'><strong>singulari</strong></span> <span class='ocrx_word' id='word_1_540' title='bbox 2056 3931 2189 4016; x_wconf 81' lang='lat' dir='ltr'><strong>privile·</strong></span> 
     </span>
     <span class='ocr_line' id='line_1_42' title="bbox 186 4016 2190 4103; baseline -0.001 -17"><span class='ocrx_word' id='word_1_541' title='bbox 186 4021 366 4086; x_wconf 89' lang='lat' dir='ltr'><strong>constituti.</strong></span> <span class='ocrx_word' id='word_1_542' title='bbox 410 4020 562 4085; x_wconf 75' lang='lat' dir='ltr'><strong>Praefert</strong></span> <span class='ocrx_word' id='word_1_543' title='bbox 589 4028 698 4083; x_wconf 89' lang='lat' dir='ltr'><strong>tamen</strong></span> <span class='ocrx_word' id='word_1_544' title='bbox 728 4034 794 4095; x_wconf 90' lang='lat' dir='ltr'><strong>eos,</strong></span> <span class='ocrx_word' id='word_1_545' title='bbox 825 4018 880 4100; x_wconf 91' lang='lat' dir='ltr'><strong>qui</strong></span> <span class='ocrx_word' id='word_1_546' title='bbox 911 4019 950 4083; x_wconf 91' lang='lat' dir='ltr'><strong>in</strong></span> <span class='ocrx_word' id='word_1_547' title='bbox 979 4016 1096 4083; x_wconf 79' lang='lat' dir='ltr'><strong>verba</strong></span> <span class='ocrx_word' id='word_1_548' title='bbox 1126 4025 1164 4083; x_wconf 90' lang='lat' dir='ltr'><strong>et</strong></span> <span class='ocrx_word' id='word_1_549' title='bbox 1215 4017 1270 4103; x_wconf 91' lang='lat' dir='ltr'><strong>gio</strong></span> <span class='ocrx_word' id='word_1_550' title='bbox 1298 4017 1383 4084; x_wconf 89' lang='lat' dir='ltr'><strong>solos</strong></span> <span class='ocrx_word' id='word_1_551' title='bbox 1411 4017 1617 4101; x_wconf 85' lang='lat' dir='ltr'><strong>presbyteros</strong></span> <span class='ocrx_word' id='word_1_552' title='bbox 1646 4016 1753 4081; x_wconf 93' lang='lat' dir='ltr'><strong>munit</strong></span> <span class='ocrx_word' id='word_1_553' title='bbox 1775 4017 1951 4099; x_wconf 88' lang='lat' dir='ltr'><strong>apostolus,</strong></span> <span class='ocrx_word' id='word_1_554' title='bbox 1987 4023 2024 4082; x_wconf 90' lang='lat' dir='ltr'><strong>nt</strong></span> <span class='ocrx_word' id='word_1_555' title='bbox 2053 4040 2073 4085; x_wconf 91' lang='lat' dir='ltr'><strong>a</strong></span> <span class='ocrx_word' id='word_1_556' title='bbox 2098 4016 2190 4083; x_wconf 77' lang='lat' dir='ltr'><strong>falsis</strong></span> 
     </span>
     <span class='ocr_line' id='line_1_43' title="bbox 187 4101 2189 4188; baseline -0.001 -17"><span class='ocrx_word' id='word_1_557' title='bbox 187 4107 381 4172; x_wconf 89' lang='lat' dir='ltr'><strong>doctrina</strong></span> <span class='ocrx_word' id='word_1_558' title='bbox 406 4105 613 4171; x_wconf 89' lang='lat' dir='ltr'><strong>laborant:</strong></span> <span class='ocrx_word' id='word_1_559' title='bbox 644 4103 705 4167; x_wconf 91' lang='lat' dir='ltr'><strong>hoc</strong></span> <span class='ocrx_word' id='word_1_560' title='bbox 727 4112 787 4188; x_wconf 89' lang='lat' dir='ltr'><strong>est,</strong></span> <span class='ocrx_word' id='word_1_561' title='bbox 818 4105 873 4187; x_wconf 90' lang='lat' dir='ltr'><strong>qui</strong></span> <span class='ocrx_word' id='word_1_562' title='bbox 901 4102 1042 4170; x_wconf 91' lang='lat' dir='ltr'><strong>docendo</strong></span> <span class='ocrx_word' id='word_1_563' title='bbox 1065 4102 1162 4169; x_wconf 82' lang='lat' dir='ltr'><strong>verbo</strong></span> <span class='ocrx_word' id='word_1_564' title='bbox 1216 4102 1431 4169; x_wconf 87' lang='lat' dir='ltr'><strong>delationibus</strong></span> <span class='ocrx_word' id='word_1_565' title='bbox 1453 4111 1526 4168; x_wconf 87' lang='lat' dir='ltr'><strong>tuta</strong></span> <span class='ocrx_word' id='word_1_566' title='bbox 1543 4101 1587 4168; x_wconf 92' lang='lat' dir='ltr'><strong>sit</strong></span> <span class='ocrx_word' id='word_1_567' title='bbox 1608 4123 1720 4168; x_wconf 91' lang='lat' dir='ltr'><strong>eorum</strong></span> <span class='ocrx_word' id='word_1_568' title='bbox 1742 4102 1952 4170; x_wconf 84' lang='lat' dir='ltr'><strong>innocentia?</strong></span> <span class='ocrx_word' id='word_1_569' title='bbox 1992 4102 2189 4188; x_wconf 79' lang='lat' dir='ltr'><strong>Respondet</strong></span> 
     </span>
     <span class='ocr_line' id='line_1_44' title="bbox 186 4187 2190 4272; baseline -0.001 -15"><span class='ocrx_word' id='word_1_570' title='bbox 186 4201 268 4257; x_wconf 91' lang='lat' dir='ltr'><strong>sunt</strong></span> <span class='ocrx_word' id='word_1_571' title='bbox 282 4192 412 4257; x_wconf 88' lang='lat' dir='ltr'><strong>intenti.</strong></span> <span class='ocrx_word' id='word_1_572' title='bbox 452 4190 537 4255; x_wconf 89' lang='lat' dir='ltr'><strong>Nam</strong></span> <span class='ocrx_word' id='word_1_573' title='bbox 554 4188 637 4254; x_wconf 91' lang='lat' dir='ltr'><strong>duae</strong></span> <span class='ocrx_word' id='word_1_574' title='bbox 658 4189 742 4254; x_wconf 91' lang='lat' dir='ltr'><strong>istae</strong></span> <span class='ocrx_word' id='word_1_575' title='bbox 763 4209 862 4257; x_wconf 83' lang='lat' dir='ltr'><strong>voces</strong></span> <span class='ocrx_word' id='word_1_576' title='bbox 884 4209 953 4254; x_wconf 89' lang='lat' dir='ltr'><strong>rem</strong></span> <span class='ocrx_word' id='word_1_577' title='bbox 975 4209 1075 4254; x_wconf 90' lang='lat' dir='ltr'><strong>unam</strong></span> <span class='ocrx_word' id='word_1_578' title='bbox 1098 4187 1163 4272; x_wconf 89' lang='lat' dir='ltr'><strong>sig·</strong></span> <span class='ocrx_word' id='word_1_579' title='bbox 1215 4189 1277 4255; x_wconf 92' lang='lat' dir='ltr'><strong>hoo</strong></span> <span class='ocrx_word' id='word_1_580' title='bbox 1298 4187 1609 4255; x_wconf 67' lang='lat' dir='ltr'><strong>montanarium</strong></span> <span class='ocrx_word' id='word_1_581' title='bbox 1631 4189 1810 4254; x_wconf 89' lang='lat' dir='ltr'><strong>remedium</strong></span> <span class='ocrx_word' id='word_1_582' title='bbox 1842 4188 2000 4257; x_wconf 86' lang='lat' dir='ltr'><strong>adversus</strong></span> <span class='ocrx_word' id='word_1_583' title='bbox 2021 4189 2190 4271; x_wconf 89' lang='lat' dir='ltr'><strong>hominurn</strong></span> 
     </span>
     <span class='ocr_line' id='line_1_45' title="bbox 187 4272 2190 4359; baseline -0.001 -16"><span class='ocrx_word' id='word_1_584' title='bbox 187 4278 333 4355; x_wconf 87' lang='lat' dir='ltr'><strong>nilicant,</strong></span> <span class='ocrx_word' id='word_1_585' title='bbox 357 4297 474 4358; x_wconf 90' lang='lat' dir='ltr'><strong>nempe</strong></span> <span class='ocrx_word' id='word_1_586' title='bbox 489 4274 580 4340; x_wconf 88' lang='lat' dir='ltr'><strong>verbi</strong></span> <span class='ocrx_word' id='word_1_587' title='bbox 595 4273 880 4358; x_wconf 85' lang='lat' dir='ltr'><strong>praedicationem.</strong></span> <span class='ocrx_word' id='word_1_588' title='bbox 919 4272 985 4341; x_wconf 80' lang='lat' dir='ltr'><strong>Sed</strong></span> <span class='ocrx_word' id='word_1_589' title='bbox 1008 4296 1049 4339; x_wconf 92' lang='lat' dir='ltr'><strong>ne</strong></span> <span class='ocrx_word' id='word_1_590' title='bbox 1071 4274 1163 4339; x_wconf 90' lang='lat' dir='ltr'><strong>verbi</strong></span> <span class='ocrx_word' id='word_1_591' title='bbox 1215 4274 1465 4359; x_wconf 86' lang='lat' dir='ltr'><strong>malignitatem.</strong></span> <span class='ocrx_word' id='word_1_592' title='bbox 1508 4273 1600 4339; x_wconf 87' lang='lat' dir='ltr'><strong>Nulli</strong></span> <span class='ocrx_word' id='word_1_593' title='bbox 1622 4275 1710 4340; x_wconf 89' lang='lat' dir='ltr'><strong>enim</strong></span> <span class='ocrx_word' id='word_1_594' title='bbox 1732 4273 1905 4341; x_wconf 91' lang='lat' dir='ltr'><strong>calumniis</strong></span> <span class='ocrx_word' id='word_1_595' title='bbox 1927 4280 1962 4341; x_wconf 88' lang='lat' dir='ltr'><strong>et</strong></span> <span class='ocrx_word' id='word_1_596' title='bbox 1983 4275 2190 4343; x_wconf 83' lang='lat' dir='ltr'><strong>obtrectatio-</strong></span> 
     </span>
     <span class='ocr_line' id='line_1_46' title="bbox 187 4358 2189 4463; baseline 0 -35"><span class='ocrx_word' id='word_1_597' title='bbox 187 4364 322 4463; x_wconf 80' lang='lat' dir='ltr'><strong>nomine</strong></span> <span class='ocrx_word' id='word_1_598' title='bbox 335 4364 474 4463; x_wconf 75' lang='lat' dir='ltr'><strong>otiosum</strong></span> <span class='ocrx_word' id='word_1_599' title='bbox 491 4361 938 4462; x_wconf 41' lang='lat' dir='ltr'><strong>studium·et·speoulativum</strong></span> <span class='ocrx_word' id='word_1_600' title='bbox 960 4358 1010 4445; x_wconf 92' lang='lat' dir='ltr'><strong>(ut</strong></span> <span class='ocrx_word' id='word_1_601' title='bbox 1031 4359 1162 4459; x_wconf 69' lang='lat' dir='ltr'><strong>tonant)</strong></span> <span class='ocrx_word' id='word_1_602' title='bbox 1216 4360 1315 4426; x_wconf 89' lang='lat' dir='ltr'><strong>nibus</strong></span> <span class='ocrx_word' id='word_1_603' title='bbox 1336 4361 1443 4460; x_wconf 75' lang='lat' dir='ltr'><strong>magis</strong></span> <span class='ocrx_word' id='word_1_604' title='bbox 1459 4366 1539 4426; x_wconf 89' lang='lat' dir='ltr'><strong>sunt</strong></span> <span class='ocrx_word' id='word_1_605' title='bbox 1559 4359 1692 4427; x_wconf 89' lang='lat' dir='ltr'><strong>obnoxii</strong></span> <span class='ocrx_word' id='word_1_606' title='bbox 1715 4381 1812 4461; x_wconf 81' lang='lat' dir='ltr'><strong>quam</strong></span> <span class='ocrx_word' id='word_1_607' title='bbox 1839 4361 1883 4443; x_wconf 92' lang='lat' dir='ltr'><strong>pii</strong></span> <span class='ocrx_word' id='word_1_608' title='bbox 1898 4359 2056 4460; x_wconf 77' lang='lat' dir='ltr'><strong>doctores.</strong></span> <span class='ocrx_word' id='word_1_609' title='bbox 2090 4361 2189 4462; x_wconf 73' lang='lat' dir='ltr'><strong>Prae-</strong></span> 
     </span>
     <span class='ocr_line' id='line_1_47' title="bbox 188 4445 2189 4630; baseline 0 -31"><span class='ocrx_word' id='word_1_610' title='bbox 188 4448 577 4617; x_wconf 73' lang='lat' dir='ltr'><strong>tttttt&#39;tllttl</strong></span> <span class='ocrx_word' id='word_1_611' title='bbox 597 4445 1163 4630; x_wconf 49' lang='lat' dir='ltr'><strong>iiii‘titlssiiiittblfflssssi</strong></span> <span class='ocrx_word' id='word_1_612' title='bbox 1215 4445 2189 4617; x_wconf 48' lang='grc' dir='ltr'><strong>ἷὲξὲἒὲᾒὲῗὲΐωῗῧέἓιΐὶῗῗέἰ1111ῗέῗῖᾞῖἒῖἱέᾄῖ</strong></span> 
     </span>
     <span class='ocr_line' id='line_1_48' title="bbox 187 4616 2189 4702; baseline -0.001 -16"><span class='ocrx_word' id='word_1_613' title='bbox 187 4641 283 4686; x_wconf 90' lang='lat' dir='ltr'><strong>nera:</strong></span> <span class='ocrx_word' id='word_1_614' title='bbox 313 4619 388 4702; x_wconf 87' lang='lat' dir='ltr'><strong>quia</strong></span> <span class='ocrx_word' id='word_1_615' title='bbox 418 4640 483 4685; x_wconf 92' lang='lat' dir='ltr'><strong>non</strong></span> <span class='ocrx_word' id='word_1_616' title='bbox 513 4638 627 4685; x_wconf 87' lang='lat' dir='ltr'><strong>omnes</strong></span> <span class='ocrx_word' id='word_1_617' title='bbox 652 4618 692 4683; x_wconf 91' lang='lat' dir='ltr'><strong>ad</strong></span> <span class='ocrx_word' id='word_1_618' title='bbox 715 4617 896 4685; x_wconf 91' lang='lat' dir='ltr'><strong>docendum</strong></span> <span class='ocrx_word' id='word_1_619' title='bbox 919 4617 1162 4683; x_wconf 82' lang='lat' dir='ltr'><strong>ordinabantur.</strong></span> <span class='ocrx_word' id='word_1_620' title='bbox 1217 4616 1270 4684; x_wconf 86' lang='lat' dir='ltr'><strong>vel</strong></span> <span class='ocrx_word' id='word_1_621' title='bbox 1291 4616 1544 4695; x_wconf 89' lang='lat' dir='ltr'><strong>halluoinentur,</strong></span> <span class='ocrx_word' id='word_1_622' title='bbox 1568 4617 1654 4683; x_wconf 92' lang='lat' dir='ltr'><strong>unde</strong></span> <span class='ocrx_word' id='word_1_623' title='bbox 1676 4616 1797 4683; x_wconf 86' lang='lat' dir='ltr'><strong>multas</strong></span> <span class='ocrx_word' id='word_1_624' title='bbox 1811 4617 1968 4702; x_wconf 71' lang='lat' dir='ltr'><strong>sumendi</strong></span> <span class='ocrx_word' id='word_1_625' title='bbox 1990 4637 2086 4686; x_wconf 71' lang='lat' dir='ltr'><strong>auam</strong></span> <span class='ocrx_word' id='word_1_626' title='bbox 2106 4619 2189 4684; x_wconf 85' lang='lat' dir='ltr'><strong>arri·</strong></span> 
     </span>
     <span class='ocr_line' id='line_1_49' title="bbox 186 4702 2191 4789; baseline -0 -17"><span class='ocrx_word' id='word_1_627' title='bbox 186 4706 275 4772; x_wconf 89' lang='lat' dir='ltr'><strong>Nam</strong></span> <span class='ocrx_word' id='word_1_628' title='bbox 290 4716 401 4789; x_wconf 88' lang='lat' dir='ltr'><strong>aperte</strong></span> <span class='ocrx_word' id='word_1_629' title='bbox 418 4706 519 4772; x_wconf 83' lang='lat' dir='ltr'><strong>rerba</strong></span> <span class='ocrx_word' id='word_1_630' title='bbox 540 4714 669 4785; x_wconf 84' lang='lat' dir='ltr'><strong>sonant,</strong></span> <span class='ocrx_word' id='word_1_631' title='bbox 691 4704 846 4788; x_wconf 90' lang='lat' dir='ltr'><strong>quosdam</strong></span> <span class='ocrx_word' id='word_1_632' title='bbox 869 4702 952 4769; x_wconf 89' lang='lat' dir='ltr'><strong>bene</strong></span> <span class='ocrx_word' id='word_1_633' title='bbox 974 4713 1008 4769; x_wconf 91' lang='lat' dir='ltr'><strong>et</strong></span> <span class='ocrx_word' id='word_1_634' title='bbox 1028 4702 1164 4768; x_wconf 85' lang='lat' dir='ltr'><strong>honeste</strong></span> <span class='ocrx_word' id='word_1_635' title='bbox 1216 4704 1312 4787; x_wconf 92' lang='lat' dir='ltr'><strong>piunt</strong></span> <span class='ocrx_word' id='word_1_636' title='bbox 1333 4704 1489 4787; x_wconf 82' lang='lat' dir='ltr'><strong>improbi:</strong></span> <span class='ocrx_word' id='word_1_637' title='bbox 1508 4702 1573 4769; x_wconf 89' lang='lat' dir='ltr'><strong>hue</strong></span> <span class='ocrx_word' id='word_1_638' title='bbox 1594 4704 1693 4769; x_wconf 90' lang='lat' dir='ltr'><strong>etiam</strong></span> <span class='ocrx_word' id='word_1_639' title='bbox 1715 4703 1838 4769; x_wconf 72' lang='lat' dir='ltr'><strong>wcedit</strong></span> <span class='ocrx_word' id='word_1_640' title='bbox 1859 4703 1956 4786; x_wconf 82' lang='lat' dir='ltr'><strong>quod,</strong></span> <span class='ocrx_word' id='word_1_641' title='bbox 1978 4704 2191 4788; x_wconf 81' lang='lat' dir='ltr'><strong>quantumvis</strong></span> 
     </span>
     <span class='ocr_line' id='line_1_50' title="bbox 186 4786 2190 4877; baseline -0.001 -19"><span class='ocrx_word' id='word_1_642' title='bbox 186 4793 381 4877; x_wconf 86' lang='lat' dir='ltr'><strong>praefuisse:</strong></span> <span class='ocrx_word' id='word_1_643' title='bbox 409 4792 527 4875; x_wconf 90' lang='lat' dir='ltr'><strong>quibus</strong></span> <span class='ocrx_word' id='word_1_644' title='bbox 555 4802 665 4856; x_wconf 91' lang='lat' dir='ltr'><strong>tamen</strong></span> <span class='ocrx_word' id='word_1_645' title='bbox 693 4810 759 4856; x_wconf 91' lang='lat' dir='ltr'><strong>non</strong></span> <span class='ocrx_word' id='word_1_646' title='bbox 782 4800 877 4855; x_wconf 91' lang='lat' dir='ltr'><strong>orant</strong></span> <span class='ocrx_word' id='word_1_647' title='bbox 897 4788 1089 4856; x_wconf 87' lang='lat' dir='ltr'><strong>commissae</strong></span> <span class='ocrx_word' id='word_1_648' title='bbox 1111 4786 1164 4853; x_wconf 92' lang='lat' dir='ltr'><strong>do·</strong></span> <span class='ocrx_word' id='word_1_649' title='bbox 1216 4795 1328 4854; x_wconf 85' lang='lat' dir='ltr'><strong>exacte</strong></span> <span class='ocrx_word' id='word_1_650' title='bbox 1361 4789 1543 4873; x_wconf 83' lang='lat' dir='ltr'><strong>iungantur</strong></span> <span class='ocrx_word' id='word_1_651' title='bbox 1574 4790 1643 4856; x_wconf 89' lang='lat' dir='ltr'><strong>suis</strong></span> <span class='ocrx_word' id='word_1_652' title='bbox 1674 4788 1840 4872; x_wconf 86' lang='lat' dir='ltr'><strong>partibus,</strong></span> <span class='ocrx_word' id='word_1_653' title='bbox 1872 4797 1910 4854; x_wconf 92' lang='lat' dir='ltr'><strong>ut</strong></span> <span class='ocrx_word' id='word_1_654' title='bbox 1942 4811 1983 4855; x_wconf 91' lang='lat' dir='ltr'><strong>ne</strong></span> <span class='ocrx_word' id='word_1_655' title='bbox 2015 4790 2190 4856; x_wconf 90' lang='lat' dir='ltr'><strong>minimum</strong></span> 
     </span>
     <span class='ocr_line' id='line_1_51' title="bbox 187 4873 2191 4963; baseline -0.002 -18"><span class='ocrx_word' id='word_1_656' title='bbox 187 4880 281 4946; x_wconf 90' lang='lat' dir='ltr'><strong>cendi</strong></span> <span class='ocrx_word' id='word_1_657' title='bbox 296 4888 416 4963; x_wconf 90' lang='lat' dir='ltr'><strong>partes.</strong></span> <span class='ocrx_word' id='word_1_658' title='bbox 454 4878 499 4942; x_wconf 82' lang='lat' dir='ltr'><strong>Ilt</strong></span> <span class='ocrx_word' id='word_1_659' title='bbox 512 4897 592 4943; x_wconf 93' lang='lat' dir='ltr'><strong>sane</strong></span> <span class='ocrx_word' id='word_1_660' title='bbox 606 4899 648 4943; x_wconf 87' lang='lat' dir='ltr'><strong>ex</strong></span> <span class='ocrx_word' id='word_1_661' title='bbox 662 4875 781 4960; x_wconf 90' lang='lat' dir='ltr'><strong>populo</strong></span> <span class='ocrx_word' id='word_1_662' title='bbox 799 4874 1024 4960; x_wconf 89' lang='lat' dir='ltr'><strong>deligebantur</strong></span> <span class='ocrx_word' id='word_1_663' title='bbox 1045 4893 1164 4959; x_wconf 83' lang='lat' dir='ltr'><strong>graves</strong></span> <span class='ocrx_word' id='word_1_664' title='bbox 1215 4873 1348 4957; x_wconf 89' lang='lat' dir='ltr'><strong>quidem</strong></span> <span class='ocrx_word' id='word_1_665' title='bbox 1378 4878 1524 4940; x_wconf 86' lang='lat' dir='ltr'><strong>erratum</strong></span> <span class='ocrx_word' id='word_1_666' title='bbox 1553 4874 1738 4952; x_wconf 89' lang='lat' dir='ltr'><strong>admittant,</strong></span> <span class='ocrx_word' id='word_1_667' title='bbox 1768 4894 1936 4959; x_wconf 87' lang='lat' dir='ltr'><strong>uunquam</strong></span> <span class='ocrx_word' id='word_1_668' title='bbox 1964 4875 2055 4940; x_wconf 91' lang='lat' dir='ltr'><strong>mille</strong></span> <span class='ocrx_word' id='word_1_669' title='bbox 2083 4896 2191 4959; x_wconf 87' lang='lat' dir='ltr'><strong>repre·</strong></span> 
     </span>
     <span class='ocr_line' id='line_1_52' title="bbox 189 4958 2190 5048; baseline 0 -21"><span class='ocrx_word' id='word_1_670' title='bbox 189 4974 222 5027; x_wconf 90' lang='lat' dir='ltr'><strong>et</strong></span> <span class='ocrx_word' id='word_1_671' title='bbox 251 4964 381 5048; x_wconf 91' lang='lat' dir='ltr'><strong>probati</strong></span> <span class='ocrx_word' id='word_1_672' title='bbox 409 4963 569 5047; x_wconf 88' lang='lat' dir='ltr'><strong>homines,</strong></span> <span class='ocrx_word' id='word_1_673' title='bbox 599 4962 654 5046; x_wconf 90' lang='lat' dir='ltr'><strong>qui</strong></span> <span class='ocrx_word' id='word_1_674' title='bbox 683 4982 749 5028; x_wconf 91' lang='lat' dir='ltr'><strong>una</strong></span> <span class='ocrx_word' id='word_1_675' title='bbox 775 4982 849 5028; x_wconf 90' lang='lat' dir='ltr'><strong>cum</strong></span> <span class='ocrx_word' id='word_1_676' title='bbox 872 4960 1059 5044; x_wconf 89' lang='lat' dir='ltr'><strong>pastoribus</strong></span> <span class='ocrx_word' id='word_1_677' title='bbox 1080 4979 1164 5026; x_wconf 92' lang='lat' dir='ltr'><strong>com·</strong></span> <span class='ocrx_word' id='word_1_678' title='bbox 1215 4958 1390 5026; x_wconf 88' lang='lat' dir='ltr'><strong>hensioucs</strong></span> <span class='ocrx_word' id='word_1_679' title='bbox 1411 4960 1593 5045; x_wconf 51' lang='lat' dir='ltr'><strong>effugiunt,</strong></span> <span class='ocrx_word' id='word_1_680' title='bbox 1625 4963 1737 5044; x_wconf 84' lang='lat' dir='ltr'><strong>Atque</strong></span> <span class='ocrx_word' id='word_1_681' title='bbox 1764 4959 1819 5025; x_wconf 88' lang='lat' dir='ltr'><strong>hie</strong></span> <span class='ocrx_word' id='word_1_682' title='bbox 1845 4970 1895 5027; x_wconf 90' lang='lat' dir='ltr'><strong>est</strong></span> <span class='ocrx_word' id='word_1_683' title='bbox 1923 4968 2014 5027; x_wconf 90' lang='lat' dir='ltr'><strong>astus</strong></span> <span class='ocrx_word' id='word_1_684' title='bbox 2035 4959 2190 5041; x_wconf 85' lang='lat' dir='ltr'><strong>Satanae,</strong></span> 
     </span>
     <span class='ocr_line' id='line_1_53' title="bbox 190 5044 2191 5130; baseline 0 -17"><span class='ocrx_word' id='word_1_685' title='bbox 190 5053 282 5115; x_wconf 87' lang='lat' dir='ltr'><strong>muni</strong></span> <span class='ocrx_word' id='word_1_686' title='bbox 315 5050 449 5116; x_wconf 90' lang='lat' dir='ltr'><strong>oonsilio</strong></span> <span class='ocrx_word' id='word_1_687' title='bbox 484 5060 520 5130; x_wconf 78' lang='lat' dir='ltr'><strong>et</strong></span> <span class='ocrx_word' id='word_1_688' title='bbox 552 5050 728 5114; x_wconf 72' lang='lat' dir='ltr'><strong>autontate</strong></span> <span class='ocrx_word' id='word_1_689' title='bbox 770 5047 921 5114; x_wconf 75' lang='lat' dir='ltr'><strong>mulesiae</strong></span> <span class='ocrx_word' id='word_1_690' title='bbox 959 5044 1164 5129; x_wconf 87' lang='lat' dir='ltr'><strong>disciplinam</strong></span> <span class='ocrx_word' id='word_1_691' title='bbox 1217 5045 1359 5112; x_wconf 89' lang='lat' dir='ltr'><strong>alienare</strong></span> <span class='ocrx_word' id='word_1_692' title='bbox 1388 5045 1556 5111; x_wconf 91' lang='lat' dir='ltr'><strong>hominum</strong></span> <span class='ocrx_word' id='word_1_693' title='bbox 1586 5048 1713 5112; x_wconf 86' lang='lat' dir='ltr'><strong>animos</strong></span> <span class='ocrx_word' id='word_1_694' title='bbox 1741 5066 1762 5111; x_wconf 96' lang='lat' dir='ltr'><strong>a</strong></span> <span class='ocrx_word' id='word_1_695' title='bbox 1790 5047 1955 5128; x_wconf 88' lang='lat' dir='ltr'><strong>ministris,</strong></span> <span class='ocrx_word' id='word_1_696' title='bbox 1984 5054 2021 5112; x_wconf 88' lang='lat' dir='ltr'><strong>ut</strong></span> <span class='ocrx_word' id='word_1_697' title='bbox 2042 5046 2191 5114; x_wconf 68' lang='lat' dir='ltr'><strong>doctmua</strong></span> 
     </span>
     <span class='ocr_line' id='line_1_54' title="bbox 189 5130 2190 5218; baseline 0 -18"><span class='ocrx_word' id='word_1_698' title='bbox 189 5135 468 5213; x_wconf 88' lang='lat' dir='ltr'><strong>administrarent,</strong></span> <span class='ocrx_word' id='word_1_699' title='bbox 502 5156 540 5202; x_wconf 91' lang='lat' dir='ltr'><strong>ac</strong></span> <span class='ocrx_word' id='word_1_700' title='bbox 572 5144 681 5200; x_wconf 89' lang='lat' dir='ltr'><strong>essent</strong></span> <span class='ocrx_word' id='word_1_701' title='bbox 713 5135 804 5218; x_wconf 89' lang='lat' dir='ltr'><strong>quasi</strong></span> <span class='ocrx_word' id='word_1_702' title='bbox 837 5152 988 5200; x_wconf 90' lang='lat' dir='ltr'><strong>censores</strong></span> <span class='ocrx_word' id='word_1_703' title='bbox 1020 5130 1164 5196; x_wconf 88' lang='lat' dir='ltr'><strong>maribus</strong></span> <span class='ocrx_word' id='word_1_704' title='bbox 1216 5131 1371 5215; x_wconf 92' lang='lat' dir='ltr'><strong>paulatim</strong></span> <span class='ocrx_word' id='word_1_705' title='bbox 1400 5133 1513 5197; x_wconf 83' lang='lat' dir='ltr'><strong>veniat</strong></span> <span class='ocrx_word' id='word_1_706' title='bbox 1537 5133 1573 5197; x_wconf 92' lang='lat' dir='ltr'><strong>in</strong></span> <span class='ocrx_word' id='word_1_707' title='bbox 1601 5142 1838 5216; x_wconf 89' lang='lat' dir='ltr'><strong>contemptum.</strong></span> <span class='ocrx_word' id='word_1_708' title='bbox 1882 5131 1936 5198; x_wconf 90' lang='lat' dir='ltr'><strong>Ita</strong></span> <span class='ocrx_word' id='word_1_709' title='bbox 1964 5153 2032 5198; x_wconf 90' lang='lat' dir='ltr'><strong>non</strong></span> <span class='ocrx_word' id='word_1_710' title='bbox 2061 5141 2190 5201; x_wconf 85' lang='lat' dir='ltr'><strong>tantum</strong></span> 
     </span>
     <span class='ocr_line' id='line_1_55' title="bbox 189 5216 2193 5306; baseline -0.002 -18"><span class='ocrx_word' id='word_1_711' title='bbox 189 5221 400 5306; x_wconf 81' lang='lat' dir='ltr'><strong>corrigendis.</strong></span> <span class='ocrx_word' id='word_1_712' title='bbox 453 5221 555 5287; x_wconf 88' lang='lat' dir='ltr'><strong>Hunc</strong></span> <span class='ocrx_word' id='word_1_713' title='bbox 585 5239 709 5286; x_wconf 91' lang='lat' dir='ltr'><strong>morem</strong></span> <span class='ocrx_word' id='word_1_714' title='bbox 740 5217 938 5287; x_wconf 85' lang='lat' dir='ltr'><strong>Ambrosius</strong></span> <span class='ocrx_word' id='word_1_715' title='bbox 969 5217 1164 5285; x_wconf 86' lang='lat' dir='ltr'><strong>obsolevisse</strong></span> <span class='ocrx_word' id='word_1_716' title='bbox 1217 5218 1256 5282; x_wconf 86' lang='lat' dir='ltr'><strong>fit</strong></span> <span class='ocrx_word' id='word_1_717' title='bbox 1290 5216 1412 5282; x_wconf 90' lang='lat' dir='ltr'><strong>iniuria</strong></span> <span class='ocrx_word' id='word_1_718' title='bbox 1447 5217 1693 5303; x_wconf 84' lang='lat' dir='ltr'><strong>innocentibus,</strong></span> <span class='ocrx_word' id='word_1_719' title='bbox 1729 5218 1817 5302; x_wconf 85' lang='lat' dir='ltr'><strong>quod</strong></span> <span class='ocrx_word' id='word_1_720' title='bbox 1852 5218 2014 5286; x_wconf 89' lang='lat' dir='ltr'><strong>immerito</strong></span> <span class='ocrx_word' id='word_1_721' title='bbox 2051 5218 2193 5286; x_wconf 88' lang='lat' dir='ltr'><strong>laeditur</strong></span> 
     </span>
    </p>
   </div>
   <div class='ocr_carea' id='block_1_3' title="bbox 0 0 2374 6016">
    <p class='ocr_par' dir='ltr' id='par_1_3' title="bbox 0 0 2374 6016">
     <span class='ocr_line' id='line_1_56' title="bbox 0 0 2374 6016; baseline 0 0"><span class='ocrx_word' id='word_1_722' title='bbox 0 0 2374 6016; x_wconf 95' lang='lat' dir='ltr'><strong> </strong></span> 
     </span>
    </p>
   </div>
  </div>
 </body>
</html>
