4762 6016
186 346 249 413 313
1077 343 1228 411 CAPUT
1250 344 1292 410 V.
2126 344 2206 413 3142

187 547 266 612 illue
295 541 474 611 eursitandi
496 541 643 607 lieentia:
673 540 865 624 praesertim
890 540 945 606 ubi
968 543 1166 604 exoneratae
1219 538 1347 604 nomiae
1363 538 1441 605 dent
1455 559 1599 623 operam,
1621 561 1718 622 quam
1742 541 1769 606 si
1792 542 1825 605 in
1849 541 2008 606 viduitate
2030 551 2194 607 maneant.

187 630 313 697 familia
336 628 417 694 nihil
441 626 564 693 habeut
586 626 673 691 domi
695 625 782 708 qnod
804 638 913 709 agant.
966 623 1058 689 Adde
1080 622 1165 707 quod
1219 624 1265 688 Et
1300 644 1379 689 sane
1414 623 1506 691 Deus
1543 626 1785 708 superstitiosas
1822 627 1990 691 hominum
2026 628 2195 709 opiniones

186 719 258 787 istis
274 714 393 793 viduis,
415 713 551 778 honoris
565 721 750 794 praetextu,
774 712 857 795 quod
878 709 979 777 veluti
1002 710 1164 793 publieam
1218 708 1302 774 nihil
1332 720 1495 774 moratur:
1527 710 1584 776 sed
1614 713 1699 776 hane
1727 711 1943 778 obedientiam
1971 711 2075 795 pluris
2097 715 2194 778 uesti-

189 820 361 888 personam
389 797 561 883 gerebant,
591 799 717 864 laeilior
745 800 861 881 quovis
893 797 1001 861 aditus
1025 797 1166 878 patebat.
1220 805 1288 860 mat
1321 816 1420 878 quam
1450 797 1570 875 omnia,
1604 798 1660 861 ubi
1688 816 1766 863 suae
1798 798 1956 864 voeationi
1986 798 2196 880 obsequimur

189 889 287 954 Hune
325 886 602 969 opportunitatem
642 893 771 959 naetae,
816 882 973 947 benefieio
1013 881 1167 947 eoelesiae
1221 881 1338 962 potius,
1367 901 1465 964 quam
1494 883 1572 947 ferri
1601 904 1659 948 nos
1689 884 1835 950 sinamus
1860 884 1961 949 animi
1983 887 2085 948 nestri
2109 896 2194 950 voto.

189 972 408 1040 abutebantur
441 971 481 1036 ad
516 969 684 1037 desidiam.
735 968 864 1032 Deinde
896 971 944 1050 (ut
973 968 1043 1032 lieri
1072 965 1168 1052 solet)
1221 965 1294 1032 Hae
1326 967 1545 1033 consolatione
1575 969 1697 1050 audita,
1730 969 1813 1034 nibil
1843 968 1965 1035 habent
1993 989 2109 1035 eausae
2138 989 2196 1035 eur

190 1080 230 1124 ex
260 1060 326 1124 otio
348 1057 542 1122 naseebatnr
564 1055 801 1136 euriositas,
833 1073 915 1135 quae
937 1056 1007 1135 ipsa
1029 1073 1166 1135 garru·
1221 1061 1464 1134 eonquerantur
1486 1052 1547 1117 sibi
1569 1055 1640 1119 fieri
1663 1056 1826 1132 iniuriam,
1852 1063 1908 1119 aut
1930 1055 2065 1120 moleste
2086 1055 2196 1121 ierant

188 1144 334 1210 litatis
373 1152 424 1207 est
460 1154 574 1207 muter.
632 1141 849 1205 Verissimum
883 1139 970 1203 enim
1005 1149 1055 1204 est
1088 1136 1169 1202 illud
1221 1158 1257 1202 se
1286 1138 1415 1203 exoludi
1442 1159 1509 1202 uno
1536 1160 1656 1224 genere
1678 1141 1821 1206 honoris.
1866 1140 2015 1206 Audiunt
2036 1141 2133 1221 enim,
2160 1142 2194 1205 in

188 1229 331 1312 Horatii,
363 1234 623 1311 permutatorem
653 1227 773 1309 fugito:
804 1244 880 1290 nam
903 1224 1055 1308 garrulus
1082 1224 1168 1288 idem
1222 1223 1290 1288 vita
1312 1224 1478 1309 ooniugali
1501 1246 1565 1289 non
1589 1228 1697 1291 miuus
1719 1247 1753 1292 se
1776 1226 1904 1310 plaeere
1923 1225 2005 1303 Deo,
2028 1227 2105 1309 quia
2127 1227 2195 1292 eiua

189 1314 279 1401 eat¹).
323 1313 425 1380 Omni
454 1316 542 1379 enim
572 1313 636 1377 fide
665 1312 810 1378 euriosoa
837 1311 889 1393 (ut
909 1310 1016 1393 iuquit
1038 1309 1170 1374 Plutar-
1223 1308 1386 1374 venationi
1409 1322 1555 1392 pareant.
1600 1311 1711 1392 Quum
1734 1311 1946 1378 delibaris
1969 1313 2196 1395 gignendis

189 1400 285 1487 thus)
313 1419 425 1466 earere
455 1418 594 1481 aequum
624 1408 690 1474 est,
729 1399 784 1480 qui
813 1396 1013 1479 simulatque
1047 1395 1168 1478 aliquid
1223 1394 1376 1476 loquitur,
1407 1395 1574 1461 molestias
1605 1417 1719 1462 omnes
1750 1397 1811 1463 sub
1840 1419 1906 1462 uuo
1930 1396 2030 1463 verbo
2051 1417 2197 1481 eompre-

189 1487 389 1563 hauserunt,
434 1503 601 1566 nunqnam
647 1492 776 1548 eessaut
816 1482 917 1548 donee
957 1480 1168 1547 effutiverint.
1222 1478 1346 1558 hendit,
1376 1501 1459 1564 quae
1489 1482 1701 1563 perferendae
1730 1493 1807 1548 sunt
1831 1484 1864 1548 in
1889 1483 2056 1548 edueanda
2078 1483 2197 1549 sobole.

191 1572 392 1639 Praesertim
421 1568 614 1635 mulieribus
644 1568 704 1634 hoe
733 1567 904 1650 contingit,
938 1586 1022 1649 quaa
1051 1576 1170 1632 natura
1223 1565 1508 1646 Quemadmodum
1547 1569 1609 1633 sub
1639 1569 1784 1635 domus
1820 1568 2198 1634 administratione

190 1658 254 1724 um
276 1675 458 1741 propensae
480 1667 558 1720 sunt
580 1654 620 1720 ad
643 1654 885 1735 loqnaeitatem,
909 1650 1096 1735 nulliusque
1119 1673 1169 1718 ar·
1223 1652 1334 1716 omnia
1355 1654 1560 1718 oeoonomiae
1581 1655 1697 1721 offioia.

190 1744 264 1812 erni
297 1761 441 1824 oapaeea.
486 1741 576 1824 Ergo
602 1760 666 1804 uon
702 1739 760 1805 abs
793 1759 829 1803 re
861 1737 942 1804 haee
976 1739 1039 1802 tria
1071 1738 1169 1803 simul
1309 1735 1443 1803 Nullam
1471 1740 1658 1805 oceanum
1685 1741 1770 1807 dare.
1821 1740 1906 1806 Nam
1935 1740 2031 1807 aienti
2060 1741 2200 1805 maritus

190 1829 366 1897 ooniuneta
404 1835 482 1892 aaut
526 1847 545 1891 a
585 1824 705 1902 Panlo,
750 1824 868 1901 otium,
924 1825 1093 1890 euriositas
1137 1833 1170 1889 et
1222 1823 1333 1887 uxoris
1363 1825 1456 1905 qnasi
1487 1825 1634 1890 velamen
1657 1834 1724 1892 est:
1746 1829 1792 1892 ita
1813 1827 1958 1892 viduitas
1980 1825 2093 1892 multis
2116 1827 2195 1892 sini·

189 1912 376 2000 garrulitas.
1222 1909 1298 1974 stris
1330 1909 1570 1992 suspieionibua
1604 1916 1654 1976 eat
1686 1912 1836 1978 obnoxia.
1887 1912 2051 1994 Quorsum
2085 1922 2195 1977 autem

1222 1994 1348 2069 attinet,
1371 1995 1462 2059 nulla
1477 1997 1669 2063 necessitate
1691 1998 1863 2064 ealumniis
1885 2018 2013 2063 armare
2034 1997 2195 2082 evangelii

276 2083 326 2150 14.
358 2082 432 2150 Volo
458 2082 557 2167 igitur
584 2081 727 2148 iuniores
753 2081 875 2160 nabere,
903 2079 1016 2148 liberos
1033 2081 1167 2165 pigrum,
1222 2080 1355 2145 hostes?
1396 2079 1497 2164 Atqui
1520 2082 1748 2149 diffieillimnm
1772 2092 1831 2162 est,
1859 2083 2030 2149 mulierem
2053 2083 2196 2167 viduam,

189 2172 314 2238 domurn
322 2170 555 2253 administrare,
570 2168 692 2234 nullam
700 2170 889 2235 emotionem
897 2166 1169 2232 dareudoereura'o
1221 2166 1350 2229 florenti
1380 2174 1496 2244 aetate,
1526 2179 1592 2232 tam
1623 2169 1854 2252 eiroumspeote
1884 2167 1945 2234 sibi
1975 2189 2090 2237 oavere
2114 2170 2196 2253 quin

188 2261 225 2323 nt
245 2256 356 2322 babeat
376 2254 582 2321 maledicendi
603 2273 741 2320 eausam.
794 2255 844 2318 15.
878 2251 1058 2319 Nonnullae
1086 2253 1168 2317 enan
1221 2252 1387 2332 reperiant
1436 2253 1576 2336 improbi
1619 2255 1762 2339 aliquam
1806 2255 2000 2337 obloquendi
2044 2255 2195 2321 eolorem.

188 2343 256 2409 men
288 2341 477 2421 deflexerant
504 2345 576 2423 poet
610 2339 772 2405 Satanan.
824 2340 875 2405 16.
913 2337 1002 2419 ana
1033 2338 1064 2403 ai
1095 2339 1169 2419 quie
1219 2335 1364 2403 Proinde
1394 2340 1422 2402 si
1452 2339 1517 2406 illis
1547 2351 1596 2406 est
1625 2341 1715 2406 eordi
1741 2339 1932 2423 aedifieatio,
1961 2349 2000 2404 ut
2029 2339 2197 2407 maledieia

188 2428 303 2511 fidelis,
326 2432 381 2492 ant
395 2428 424 2492 ai
439 2447 503 2508 qna
517 2424 621 2508 fidelia
641 2424 731 2490 nata
750 2425 874 2501 mune.
896 2424 1069 2505 sappeditat
1089 2423 1167 2507 illie,
1222 2422 1407 2490 bominibus
1435 2444 1472 2490 os
1494 2424 1674 2505 obstruant,
1704 2447 1808 2512 genua
1830 2427 1918 2492 vitae
1939 2425 2063 2509 eligant
2085 2426 2196 2491 minua

189 2519 293 2580 anon
315 2517 458 2580 meatur
475 2511 613 2595 molesia
635 2515 669 2577 nt
684 2511 736 2592 iis,
758 2531 838 2594 qaae
858 2531 928 2576 oere
948 2510 1063 2575 aduae
1083 2514 1166 2593 snat,
1221 2510 1444 2591 aaspieiosnm.
1476 2509 1675 2577 Communes
1685 2512 1739 2579 hie
1750 2512 1912 2597 evangelii
1924 2511 2195 2595 adversarioapo-

189 2603 343 2684 suppetat,
1221 2595 1287 2659 tius
1301 2595 1459 2679 intelligo,
1483 2616 1578 2679 quam
1594 2598 1739 2679 privatos
1756 2601 1916 2681 uniusque
1936 2596 2094 2677 mulieris,
2117 2598 2195 2680 qrtt'a

1220 2679 1378 2762 indefinite
1398 2681 1544 2764 loquutus
1564 2687 1608 2748 eat
1630 2682 1764 2750 Paulae.

278 2769 328 2835 14.
359 2768 434 2835 Vola
461 2769 601 2835 taniaco
621 2766 743 2834 medere.
788 2766 912 2833 Rident
932 2766 1042 2833 assuti
1063 2765 1168 2833 homi·
1308 2764 1357 2830 lb.
1383 2766 1560 2833 Nonnullae
1581 2770 1674 2835 enirn.
1717 2768 1855 2835 Certum
1883 2773 1942 2845 est,
1971 2770 2099 2834 nullum
2125 2788 2196 2835 esse

191 2876 250 2922 nes
267 2855 330 2920 hoe
351 2854 490 2937 apostoli
512 2863 732 2938 praeeeptum.
768 2851 870 2933 Quasi
893 2873 970 2919 vero
991 2851 1169 2939 (inquiunt)
1222 2860 1288 2915 tam
1304 2861 1453 2917 sanetum
1472 2854 1659 2919 institutum
1678 2875 1720 2920 ex
1743 2876 1805 2938 quo
1828 2877 1893 2922 uon
1915 2855 2039 2939 aliquid
2062 2854 2197 2938 prodeat

193 2942 299 3008 ealear
325 2940 509 3006 addendum
532 2940 575 3004 sit
597 2939 695 3004 nimis
717 2939 835 3005 eitatae
856 2958 967 3004 aarum
990 2936 1169 3022 eupiditati.
1221 2936 1309 3012 mali,
1339 2938 1507 3004 hominum
1538 2941 1707 3022 pravitate.
1751 2941 1878 3007 Verum
1908 2962 1991 3025 quae
2013 2940 2197 3006 neomaenia

192 3026 278 3110 Quis
307 3027 394 3092 enim
424 3027 528 3092 neaoit
553 3044 666 3091 omnes
687 3026 754 3090 iere
777 3025 891 3090 viduas
913 3034 1029 3106 sponte
1051 3035 1170 3106 unptu·
1221 3033 1307 3106 snnt,
1339 3021 1456 3088 debent
1477 3025 1544 3090 fixa
1567 3046 1709 3107 manere,
1738 3026 1893 3111 quidquid
1915 3027 1992 3092 inda
2013 3028 2195 3110 eontingat:

193 3111 282 3180 rire?
325 3109 553 3194 superstitiosi
576 3118 686 3176 autern
709 3110 858 3175 homines
880 3109 1062 3175 iudiearent
1084 3109 1170 3178 hano
1221 3107 1349 3174 edumei
1367 3108 1491 3175 eoelum
1508 3122 1626 3177 rueret.
1662 3113 1708 3177 At
1726 3112 1779 3177 nbi
1801 3113 1939 3178 liberum
1962 3122 2011 3178 est
2034 3111 2196 3179 utramvis

190 3197 370 3284 nuptialem
400 3198 581 3263 doetrinam
612 3195 737 3262 Christi
766 3195 913 3279 apostolo
942 3215 1059 3278 parum
1093 3216 1169 3263 eon·
1221 3205 1349 3278 partem
1377 3195 1507 3280 eligere,
1537 3209 1633 3279 prout
1662 3199 1724 3262 hoe
1747 3197 1798 3264 vel
1820 3197 1902 3263 illud
1924 3217 1996 3264 οοοο
2027 3198 2107 3263 utile
2138 3217 2196 3262 ex·

191 3303 320 3370 gruere.
364 3282 491 3349 Verum
519 3283 672 3349 omnibus
700 3282 764 3346 rite
792 3282 960 3364 expensis,
990 3290 1169 3367 agnoseent
1222 3281 1382 3364 parientia
1410 3293 1613 3365 eompertum
1643 3283 1756 3348 fuerit:
1785 3285 1883 3349 etiam
1913 3303 1998 3367 quae
2026 3292 2103 3350 aute
2124 3283 2193 3367 pla·

190 3373 263 3436 sani
290 3369 455 3447 homines,
486 3368 626 3435 Paulum
657 3368 741 3434 nibil
772 3367 825 3434 hio
855 3369 917 3434 nisi
946 3369 1167 3434 neeessariam
1221 3375 1366 3450 onerant,
1398 3367 1556 3452 abrogare
1585 3369 1779 3454 prudentiae
1807 3379 1870 3436 est:
1911 3372 2006 3436 sienti
2033 3372 2068 3436 in
2096 3388 2194 3437 eausa

191 3465 224 3523 et
246 3458 389 3520 maxime
412 3455 555 3520 salutare
577 3454 716 3520 tradere.
757 3452 841 3518 Nam
866 3463 898 3519 et
921 3452 1062 3519 viduitas
1085 3454 1167 3518 mul·
1220 3452 1394 3535 praesenti.
1453 3455 1566 3521 Minus
1607 3463 1780 3539 proventae
1817 3457 1932 3521 aetatis
1968 3456 2123 3523 mulieres
2158 3457 2194 3521 in

192 3542 235 3606 tia
249 3539 384 3606 liberius
402 3540 623 3623 proterviendi
642 3538 699 3605 dat
720 3539 926 3605 laenitatem:
949 3548 983 3605 et
1003 3540 1044 3605 ab
1066 3540 1170 3606 altera
1220 3537 1366 3603 ordinem
1399 3539 1572 3605 viduarum
1601 3541 1709 3626 allegi,
1740 3541 1822 3606 nihil
1849 3562 1980 3609 neeesse
2001 3548 2086 3608 erat:
2117 3563 2196 3609 nans

191 3634 284 3710 parte
306 3625 442 3692 subinde
464 3632 638 3710 emergunt
658 3625 795 3709 spiritus
816 3626 851 3689 in
882 3624 1047 3710 hypoorisi
1076 3646 1168 3691 men·
1221 3623 1356 3691 dooebat
1388 3646 1457 3690 rem
1490 3647 1562 3693 esse
1594 3627 1811 3710 perieulosnm
1840 3637 1873 3692 et
1902 3630 2046 3693 noxiam:
2080 3630 2197 3693 merito

191 3712 321 3790 tientes,
346 3711 402 3793 qui
430 3711 679 3776 sanetimoniam
708 3711 913 3777 eonstituunt
940 3712 976 3776 iu
999 3711 1168 3791 eoelibatu,
1220 3712 1332 3794 itaque
1352 3710 1476 3776 Paulus
1498 3714 1531 3776 in
1554 3722 1720 3795 posterum
1743 3713 1853 3779 eaveri
1875 3715 1948 3780 vult
1970 3735 2011 3780 ne
2033 3715 2108 3797 quid
2131 3714 2197 3778 tale

192 3798 284 3882 qnasi
318 3794 466 3880 angeliea
496 3807 581 3860 esset
610 3797 779 3878 persentio:
814 3797 1060 3862 matrimonium
1091 3817 1169 3863 rere
1221 3796 1399 3880 eontingat.
1444 3796 1542 3878 Quod
1571 3799 1599 3863 si
1628 3800 1833 3882 quarundam
1857 3799 1991 3865 detentio
2013 3800 2093 3865 satia
2115 3798 2196 3864 vali·

192 3894 251 3949 aut
264 3880 422 3947 damnant
442 3882 475 3946 iu
499 3889 613 3965 totum,
635 3890 694 3946 aut
715 3881 932 3964 vilipendunt,
955 3903 993 3948 ae
1010 3883 1039 3949 si
1060 3883 1169 3949 earnis
1222 3881 1300 3948 dum
1329 3882 1377 3947 illi
1406 3893 1637 3966 argumentum
1666 3884 1730 3951 fuit
1752 3895 1787 3949 ut
1810 3884 1988 3950 remedium
2012 3883 2197 3950 universale

192 3969 478 4052 inquinamentum
507 3972 644 4050 saperet.
687 3966 789 4033 Pauei
819 3976 897 4032 snnt
926 3977 993 4032 tam
1025 3988 1065 4033 ex
1088 3969 1169 4034 viris
1222 3976 1405 4050 quaereret:
1439 3988 1538 4051 quam
1572 3969 1675 4036 multa
1708 3969 1804 4036 bodie
1837 3972 1974 4054 papistis
2001 3979 2197 4054 argumenta

191 4072 289 4139 quam
320 4052 513 4120 mulieribus
541 4053 598 4135 qui
628 4053 828 4119 venationem
851 4072 944 4118 suam
974 4055 1168 4137 respieiant:
1222 4063 1332 4119 essem
1348 4052 1498 4119 abolendi
1519 4055 1639 4139 impuri
1661 4056 1713 4122 sui
1733 4055 1921 4139 eoelibatus,
1942 4057 1969 4120 si
1991 4075 2087 4139 quem
2109 4053 2197 4120 aedi·

194 4143 449 4224 quotusquisque
463 4143 514 4205 est
529 4139 675 4204 virorum
689 4139 747 4221 qui
767 4157 851 4205 onus
873 4138 1035 4224 regendae
1057 4140 1170 4205 uxoris
1222 4139 1382 4205 fleationia
1408 4139 1568 4206 haberent
1589 4140 1761 4225 respeotu?
1806 4139 1873 4208 Sed
1895 4140 2082 4207 erudelibus
2103 4139 2197 4224 impii

193 4223 333 4290 libenter
360 4223 537 4307 suseipiat?
581 4223 670 4306 Quia
698 4224 821 4291 seilieet
843 4245 896 4291 res
917 4235 967 4291 est
988 4225 1170 4292 innumeris
1222 4244 1260 4292 ae
1275 4223 1425 4291 diaboliei
1440 4225 1560 4292 deereti
1585 4226 1711 4310 laqueis
1728 4228 1856 4294 malunt
1878 4227 2077 4312 strangulari
2098 4229 2196 4291 inuu-

193 4309 351 4377 molestiia
378 4311 548 4394 implioita.
593 4309 701 4392 Quam
730 4330 829 4395 aegre
849 4310 963 4394 iugum
986 4310 1074 4377 subit
1095 4330 1169 4377 mu·
1222 4331 1330 4377 meras
1366 4311 1551 4378 animarum
1584 4313 1767 4397 myriades,
1807 4333 1905 4397 quam
1938 4313 2060 4379 uadum
2094 4331 2197 4377 unum

193 4393 274 4462 lier‘?
309 4395 437 4461 Paulus
451 4415 529 4480 ergo
544 4416 644 4479 quum
667 4396 813 4462 iuniores
836 4396 958 4462 nubere
980 4396 1078 4474 iubet,
1103 4418 1168 4462 non
1222 4395 1344 4463 laxare.
1396 4397 1493 4464 Unde
1525 4408 1654 4465 eonatat
1686 4419 1783 4482 qnam
1817 4399 1924 4465 aliena
1956 4400 2000 4463 sit
2032 4419 2052 4464 a
2083 4411 2197 4466 saneto

194 4481 235 4547 ad
256 4481 437 4565 nuptialem
459 4481 619 4548 laetitiam
641 4501 697 4548 aaa
718 4482 852 4547 inritata
875 4503 935 4548 neo
957 4481 1110 4548 hortatur
1131 4488 1169 4548 ut
1222 4482 1317 4548 Pauli
1339 4483 1457 4548 affeetu
1479 4486 1655 4569 tyrannioa
1677 4506 1788 4551 eorum
1811 4486 1959 4551 saevitia.

194 4567 323 4634 libidini
339 4566 543 4652 indulgeant,
565 4587 665 4652 qnam
688 4565 778 4632 iubet
799 4587 855 4633 eas
876 4567 996 4634 liberos
1018 4568 1168 4653 gignere:
1309 4566 1386 4635 Post
1414 4567 1577 4636 Somnum.
1622 4570 1775 4637 Notanda
1802 4570 1965 4653 loquutio:
1994 4570 2072 4653 quia
2099 4588 2196 4635 neme

194 4654 253 4722 sed
286 4653 363 4720 dum
396 4672 497 4719 aexne
527 4652 752 4719 infirmitatem
781 4663 814 4718 et
840 4663 981 4719 aemtem
1011 4653 1168 4720 lubrieam
1222 4653 1274 4720 vel
1298 4654 1465 4720 tantillum
1487 4666 1595 4739 potest
1616 4655 1787 4722 aOhristo
1810 4655 2000 4723 defleetere-
2024 4657 2082 4721 uin
2100 4654 2197 4722 Sata·

194 4749 336 4823 reputat,
359 4758 414 4805 eas
429 4737 471 4804 ad
485 4746 611 4804 eastum
626 4738 814 4822 ooningium
831 4737 995 4805 hortatur:
1019 4749 1053 4805 et
1070 4739 1169 4806 simul
1222 4758 1300 4805 nam
1328 4749 1494 4824 aequatur.
1535 4741 1620 4807 Nam
1649 4762 1786 4826 regnum
1809 4742 1844 4807 iu
1872 4761 1985 4808 omnes
2035 4743 2118 4818 abet,
2141 4739 2196 4824 qui

194 4825 236 4892 ad
259 4823 430 4890 subeunda
451 4824 555 4891 saneti
574 4825 716 4908 ooningii
739 4843 847 4891 onera.
890 4828 1000 4911 Atque
1020 4823 1056 4889 id
1077 4846 1169 4909 prae-
1222 4824 1349 4891 Obristi
1370 4846 1437 4892 uon
1458 4835 1546 4892 sunt.
1591 4826 1680 4894 Hine
1703 4826 1916 4894 admonemur
1937 4847 2034 4910 qnam
2056 4826 2197 4892 exitialis

195 4912 308 4977 sertim
352 4911 429 4976 fauit
469 4930 511 4975 ne
553 4909 789 4976 oontumeliosa
832 4910 982 4978 rideatur
1022 4911 1169 4996 ipsarum
1222 4910 1266 4977 ait
1293 4910 1431 4978 deflexio
1461 4932 1481 4977 a
1509 4921 1599 4979 reato
1627 4933 1735 4997 annu,
1766 4934 1847 4998 quae
1875 4933 1914 4978 aa
1942 4912 2006 4978 Dei
2031 4911 2112 4995 filiis
2139 4929 2197 4977 noa

197 4994 326 5062 reieetio
370 4994 412 5060 ab
455 4996 571 5062 ordine
613 4996 799 5062 viduarum.
859 4995 1033 5081 Signitioat
1072 4997 1169 5076 enim,
1220 4997 1299 5079 fauit
1321 4995 1458 5063 Satanae
1478 4999 1652 5082 manans.-
1672 5003 1700 5065 et
1721 5020 1742 5065 a
1766 4999 1883 5066 Canai
1901 4998 2124 5084 munninio
2144 4998 2197 5064 ab·

194 5100 308 5148 esrum
338 5080 440 5146 vitam
461 5101 528 5147 non
546 5081 657 5147 minus
680 5081 752 5148 Deo
773 5082 944 5165 probatum
966 5083 1009 5148 iri
1029 5083 1058 5150 ai
1079 5103 1170 5151 eaeo·
1222 5083 1324 5151 anna
1345 5081 1498 5150 Sannum
1518 5084 1607 5150 nobie
1627 5084 1733 5152 elnaem
1749 5084 1902 5168 praebat.

1311 5169 1361 5235 16.
1386 5169 1425 5236 Si
1446 5170 1518 5253 qaae
1536 5169 1648 5251 tidelm.
1693 5170 1780 5254 Quia
1810 5171 1881 5237 lieri
1911 5171 1993 5238 solat
2016 5179 2052 5236 ut
2073 5170 2196 5257 singuli

283 5271 307 5342 ¹)
322 5267 416 5327 Horat
434 5266 521 5340 spur
539 5267 585 5325 lib
602 5264 625 5321 l
643 5266 686 5336 18,
703 5265 746 5323 te.
1223 5257 1357 5340 propria
1368 5271 1474 5323 onera
1496 5255 1634 5324 libenter
1656 5259 1805 5325 reiieiant
1826 5259 1862 5322 iu
1885 5267 1985 5325 totam
2007 5256 2195 5325 eoelesieru:
