4762 6016
184 304 225 370 59
808 294 953 362 seles.
976 293 1120 362 Psunl
1141 293 1203 359 AD
1225 295 1567 365 PHILIPPENSES
2152 296 2195 363 60

184 493 304 558 ritem:
346 489 430 560 siout
469 484 556 573 apud
583 486 716 566 Mosen,
755 482 860 551 Exod.
883 484 935 565 32,
957 483 1008 561 32.
1060 482 1160 550 Hune
1213 484 1375 569 aesiderit,
1407 484 1520 552 fideles
1553 492 1675 566 temen,
1709 485 1763 570 qui
1792 490 1977 552 stantema
2003 487 2100 569 parte
2130 504 2193 553 sue

184 576 368 661 catalogum
390 574 482 642 Deus
509 574 689 658 repositum
719 568 805 655 epud
833 589 869 635 se
891 569 1000 637 hebet.
1044 569 1161 653 Itaque
1213 570 1395 636 Dominum
1429 572 1562 650 habent,
1595 571 1717 637 habere
1749 571 1831 638 satis
1859 569 2002 657 amplam
2024 569 2192 656 gaudendi

186 661 272 729 nihil
295 659 384 727 eliud
414 666 464 727 est
492 658 577 725 liber
609 676 706 742 quam
739 663 910 721 aeternum
932 654 1104 722 eonsilium
1125 655 1160 719 i'n
1214 656 1396 725 materiem.
1444 657 1612 742 Repetitio
1646 655 1893 742 amplifiostioui
1925 656 2042 726 servit:
2086 675 2124 724 aa
2160 659 2189 725 si

184 750 254 814 siue
291 755 423 833 peotore
460 744 641 810 definitum.
703 742 771 807 Pro
808 762 846 807 eo
883 741 961 807 dioit
995 740 1161 824 Ezechiel,
1214 740 1345 821 diseret,
1369 742 1423 810 Sit
1442 740 1504 809 hoo
1524 743 1619 811 vobis
1642 745 1773 809 firmum
1795 749 1828 809 et
1842 742 1968 821 stabile,
1989 741 2135 828 gaudere
2155 744 2189 808 iu

184 836 389 918 Soripturem
405 831 521 896 domus
535 829 648 906 Israel,
670 847 741 912 oap.
757 827 809 912 13,
825 827 855 893 9.
888 826 1014 894 Eedem
1035 827 1161 892 ratione
1215 828 1373 895 Domino:
1403 848 1510 913 neque
1532 827 1565 895 id
1587 829 1628 894 ed
1651 841 1865 910 momentum,
1893 828 1952 894 sed
1973 837 2012 894 ut
2033 828 2192 913 gaudium

185 919 273 988 Psal.
292 918 346 1000 69,
363 916 417 1000 29,
440 915 588 999 habetur,
611 913 793 980 Deleantur
813 911 854 978 da
868 912 954 980 libro
968 912 1160 989 viventium,
1215 913 1251 978 in
1272 935 1311 980 eo
1332 921 1480 981 vestram
1502 922 1722 998 perpetuetur.
1759 913 1842 979 Nem
1864 924 1953 981 uerte
1970 914 2007 979 in
2024 935 2063 980 eo
2080 912 2193 981 differt

185 1016 220 1072 et
241 1025 315 1071 oum
337 1004 434 1070 iustis
455 1021 522 1067 non
544 1001 739 1067 seribentur.
783 998 859 1065 Hoo
880 1007 941 1078 est,
962 1019 1030 1063 non
1051 1019 1162 1065 oense·
1214 999 1375 1084 egendio
1404 998 1529 1083 mandi,
1556 1000 1644 1084 quod
1673 1000 1783 1079 fallax,
1810 999 1981 1082 oaduoum,
2013 998 2192 1068 evanidam

185 1100 284 1158 antur
304 1091 393 1155 inter
414 1087 480 1153 Dei
501 1084 629 1166 eleetos,
652 1105 735 1168 quoe
751 1085 908 1152 eoelesiae
922 1104 1000 1150 suae
1014 1103 1052 1150 ee
1067 1084 1161 1168 regui
1215 1106 1286 1152 esse
1313 1085 1514 1170 experimur:
1546 1085 1701 1154 Obristne
1729 1095 1837 1152 eutem
1861 1085 1959 1151 etiam
1981 1084 2191 1152 melediotnm

186 1177 309 1243 finibus
345 1172 510 1241 adeoribit.
554 1170 594 1239 Si
625 1171 700 1256 quis
732 1170 873 1253 obiioiet,
905 1178 1028 1236 temere
1059 1169 1162 1254 igitur
1215 1191 1286 1238 esse
1314 1171 1507 1255 pronuntiet
1535 1172 1632 1257 (Ιιοο.
1655 1172 1687 1252 d,
1703 1171 1769 1258 25).
1820 1172 1910 1256 Ergo
1942 1171 2025 1238 illud
2058 1171 2189 1238 demum

184 1264 295 1330 faeere
318 1258 470 1338 Paulum,
491 1258 548 1340 qui
569 1255 611 1324 de
632 1257 762 1323 arosnie
779 1256 844 1322 Dei
865 1257 918 1321 ius
934 1255 998 1322 sibi
1015 1274 1161 1340 pronun·
1215 1257 1251 1323 in
1276 1257 1349 1322 Deo
1375 1257 1481 1323 fixum
1501 1257 1658 1343 gaudiam
1687 1268 1748 1342 est,
1777 1255 1864 1341 quod
1893 1277 2065 1342 nunquam
2098 1256 2192 1325 nobie

185 1347 289 1413 tiendi
311 1354 465 1429 usurpet:
492 1342 684 1427 respondeo,
715 1363 777 1408 noe
798 1363 840 1408 ex
861 1341 965 1427 signis
986 1352 1163 1422 utoumque
1215 1342 1389 1410 exeatitur.

185 1453 282 1517 posse
302 1431 456 1514 iudieare,
476 1429 595 1514 quibus
615 1427 807 1496 eleotiouem
829 1448 922 1495 suam
941 1427 1034 1494 Deus
1054 1425 1162 1510 palem
1300 1428 1332 1494 5.
1355 1427 1532 1496 Moderatio
1560 1431 1672 1497 eastra.
1721 1427 1906 1515 Duplieiter
1925 1431 2036 1513 potest
2061 1427 2192 1513 exponi.

187 1520 281 1586 fauit:
315 1523 475 1600 quantum
496 1520 608 1582 tamen
629 1511 694 1580 fert
714 1522 830 1598 septus
850 1522 970 1580 noster.
1011 1512 1104 1596 Ergo
1126 1511 1163 1576 in
1216 1513 1280 1578 Vel
1314 1515 1402 1598 quod
1434 1513 1544 1581 iubeat
1574 1535 1631 1582 eor
1663 1516 1770 1598 potins
1802 1513 1919 1582 oedere
1951 1514 1991 1580 de
2021 1516 2095 1580 iure
2121 1532 2191 1599 suo,

187 1603 444 1688 quibusoumqne
476 1600 623 1667 relnoere
644 1599 810 1667 oernimus
843 1598 1025 1683 adoptionis
1057 1605 1163 1677 notas,
1215 1618 1313 1683 qaam
1335 1611 1369 1667 et
1391 1599 1432 1666 de
1452 1599 1598 1685 ipsorum
1621 1601 1797 1667 acerbitate
1819 1600 1872 1667 vel
1893 1601 2002 1685 rigore
2017 1601 2190 1685 quisquam

187 1712 243 1757 eos
275 1689 408 1754 interim
438 1685 617 1752 habeamus
645 1706 705 1769 pro
733 1685 811 1750 filiis
840 1685 922 1764 Dei,
955 1685 1059 1750 donee
1088 1681 1162 1747 libri
1215 1686 1308 1769 queri
1324 1686 1446 1770 possit:
1467 1705 1505 1752 ao
1522 1686 1551 1752 ei
1566 1685 1719 1752 dixisset:
1738 1684 1874 1766 Omnes,
1888 1686 2006 1770 quibus
2021 1685 2191 1752 vobisoum

139 1774 142 1779 ’
187 1775 378 1861 aperientur
410 1773 466 1859 qui
495 1773 626 1856 penitus
655 1771 766 1836 omnia
795 1771 1001 1855 pateiaoient
1052 1767 1162 1836 Solius
1215 1780 1267 1837 eet
1286 1770 1410 1857 aliquid
1432 1772 1565 1855 negotii,
1597 1781 1743 1838 vestram
1765 1773 1961 1855 nequitatem
1984 1780 2019 1839 et
2040 1772 2191 1838 humani·

186 1859 319 1944 quidem
340 1856 404 1925 Dei
426 1866 477 1924 est
497 1878 588 1925 nuno
610 1877 686 1924 suos
706 1859 853 1941 ooguitos
874 1856 1006 1936 hebere,
1036 1863 1070 1921 οι
1092 1864 1161 1919 ιοο-
1215 1868 1317 1923 ιοιοοι
1340 1858 1498 1924 sentient:
1533 1866 1571 1923 ut
1592 1857 1709 1923 notitia
1730 1858 1990 1942 experimentum
2014 1858 2189 1943 signifieat:

188 1951 262 2013 dem
286 1963 460 2029 segregare
488 1964 591 2028 agnos
612 1942 653 2009 eb
675 1941 797 2008 hoedis.
842 1942 909 2009 Sed
931 1952 1082 2009 nostrum
1102 1949 1162 2017 est,
1215 1944 1268 2009 vel
1297 1942 1383 2027 qaod
1411 1963 1466 2008 eos
1496 1943 1536 2009 ed
1563 1943 1675 2010 omnis
1702 1962 1807 2029 eoquo
1828 1944 1938 2010 animo
1960 1942 2096 2010 ferenda
2116 1942 2191 2009 hor·

189 2056 231 2099 ex
248 2031 383 2098 emitote
401 2050 502 2114 agnos
519 2029 664 2095 iudieare
681 2049 795 2095 omues
813 2029 870 2112 qai
887 2029 1011 2112 pastori
1029 2025 1162 2093 Ohrieto
1216 2038 1315 2094 tetur.
1370 2028 1437 2109 Qui
1471 2049 1585 2096 sensns
1619 2029 1783 2113 posterior
1816 2028 1896 2093 mihi
1934 2028 2041 2114 magis
2075 2028 2190 2114 planet.

190 2114 381 2186 obedienter
408 2134 444 2180 ee
473 2114 660 2193 subiioiunt,
688 2115 746 2198 qui
775 2135 811 2181 se
832 2124 1014 2199 aggregent
1035 2114 1070 2179 in
1092 2111 1163 2177 eius
1216 2114 1298 2180 Nem
1321 2115 1358 2179 τὸ
1380 2115 1516 2192 ἐπιεικὲς
1539 2124 1658 2181 vocent
1678 2115 1779 2180 etiam
1801 2113 1920 2182 Greeoi
1948 2113 2057 2201 animi¹
2081 2114 2191 2181 mode-

189 2203 276 2270 ovile
298 2210 332 2267 et
353 2199 398 2267 ibi
420 2210 611 2268 oonetenter
641 2209 785 2265 manent.
828 2199 986 2266 Nostrum
1007 2208 1057 2265 est
1079 2195 1163 2263 tenti
1217 2202 1388 2285 rationem,
1420 2201 1475 2267 ubi
1499 2221 1565 2267 uon
1590 2200 1684 2266 faoile
1705 2220 1949 2268 eommovemur
1970 2199 2114 2279 iniuriis,
2137 2199 2192 2267 ubi

190 2289 363 2354 aestimare
395 2286 531 2370 spiritur
564 2285 669 2351 saneti
701 2284 801 2363 done,
840 2305 923 2369 queo
953 2283 1163 2369 peoulieriter
1218 2306 1283 2352 non
1317 2287 1410 2353 fenile
1439 2286 1535 2352 rebus
1557 2285 1705 2352 adversis
1726 2286 1907 2368 turbamur,
1933 2286 1990 2353 sed
2013 2287 2194 2353 retinemus

190 2374 302 2442 eleotie
330 2373 399 2439 suis
425 2372 561 2451 oouiert,
590 2386 629 2437 nt
655 2370 723 2437 sint
750 2370 844 2439 nobie
876 2373 969 2456 quasi
998 2368 1164 2436 eleotionis
1217 2373 1385 2455 aequalem
1407 2376 1539 2438 statum.
1569 2373 1636 2437 Pro
1651 2393 1714 2457 quo
1728 2370 1843 2438 Oioero
1865 2370 1959 2452 dixit,
1980 2372 2195 2456 tranquillus

191 2457 399 2527 ebeeouditee
419 2456 538 2543 sigilla
1218 2459 1347 2524 enimus
1376 2478 1485 2540 meus,
1510 2458 1567 2542 qui
1595 2459 1690 2541 aequi
1713 2458 1789 2523 boni
1812 2457 1892 2523 feeit
1912 2457 2033 2524 omnia.
2077 2460 2194 2527 OEalem

1218 2546 1426 2628 aequitatem,
1455 2563 1540 2627 quae
1562 2552 1612 2610 est
1633 2544 1725 2627 qussi
1747 2551 1853 2610 mater
1874 2543 2060 2627 patientiae,
2087 2546 2194 2632 exigit

276 2631 307 2695 4.
329 2628 468 2696 Gaudete
480 2629 518 2695 io
531 2627 668 2694 Domino
681 2647 809 2712 strepet,
824 2628 938 2694 mm
947 2627 1016 2695 dieo
1028 2626 1164 2710 paudete
1218 2631 1273 2696 hio
1304 2651 1324 2696 e
1360 2628 1644 2715 Philippensibus:
1681 2637 1716 2694 et
1751 2628 1883 2713 quidem
1920 2648 2006 2712 quae
2040 2630 2192 2698 omnibus

192 2717 224 2783 5.
256 2714 432 2782 Moderatio
473 2718 576 2780 oestro
614 2717 687 2780 uoto
722 2714 766 2779 sit
801 2713 942 2780 mnibus
977 2713 1165 2779 hominibus.
1219 2720 1383 2800 appereet,
1406 2723 1506 2799 prout
1522 2715 1646 2782 soilioet
1660 2735 1738 2782 usae
1753 2714 1942 2800 poetutebit,
1965 2715 2098 2793 effeetus
2113 2737 2191 2784 suos

191 2802 351 2870 Deam
365 2818 467 2884 prope
488 2804 543 2865 est.
574 2799 603 2865 6.
625 2798 678 2865 De
693 2798 784 2866 aeda
805 2821 840 2866 re
857 2800 930 2866 sitis
950 2798 1092 2866 sottieiti:
1112 2797 1166 2864 sed
1219 2801 1425 2886 proterendo.
1485 2801 1661 2868 Modestiae
1700 2820 1810 2867 nomen
1840 2819 2009 2885 totamm
2043 2821 2104 2868 eet
2149 2809 2193 2870 est

193 2891 229 2953 ia
262 2885 404 2952 masdrae
434 2884 572 2953 matiam
603 2889 631 2950 et
655 2885 851 2967 pretatione,
887 2905 958 2952 atat
987 2885 1167 2970 pratiaram
1218 2888 1337 2954 asam:
1366 2888 1444 2970 quio
1469 2907 1532 2954 eos
1557 2890 1641 2953 uetat
1661 2885 1787 2954 Poetae
1819 2885 1876 2953 too
1904 2887 1968 2953 toea
1987 2887 2120 2971 merie
2147 2889 2195 2954 iri

193 2973 328 3054 actione,
361 2971 525 3056 petitiones
559 2973 678 3037 vestae
709 2973 899 3039 temnat
929 2972 1018 3053 apud
1048 2969 1165 3038 Deum.
1219 2973 1372 3052 soieeeere,
1393 2973 1449 3040 sed
1465 2973 1590 3058 placide
1611 2992 1646 3055 se
1664 2993 1769 3056 poree
1788 2973 1825 3038 ie
1845 2974 1931 3039 ormi
1958 2974 2088 3057 aepotia,
2120 2973 2196 3042 sibi-

194 3060 224 3124 i.
248 3056 293 3123 Et
307 3077 380 3142 poe
400 3055 474 3138 Dei,
495 3077 575 3140 puae
594 3063 762 3140 tremeat
782 3076 900 3125 mrtem
921 3057 1168 3141 intettiqeatiom,
1219 3080 1278 3143 qao
1305 3064 1477 3143 meare
1503 3060 1596 3125 etiam
1623 3057 1659 3124 ia
1691 3057 1863 3126 tolerandis
1893 3059 1943 3124 oet
1970 3059 2114 3142 mistim,
2148 3060 2196 3127 aet

193 3143 343 3212 eetediet
361 3143 457 3211 eorda
477 3147 583 3210 oestro
602 3146 631 3209 et
650 3144 848 3228 οοοιιοιὶοοοο
860 3148 979 3210 umbos
991 3143 1029 3210 ia
1044 3140 1168 3209 atrise
1218 3145 1401 3214 immudis.

194 3230 280 3296 Issa.
325 3229 356 3295 8.
380 3228 469 3312 Quod
486 3228 643 3312 reliquam
664 3234 719 3308 est,
738 3229 866 3313 fratres,
883 3248 1079 3312 pomaque
1097 3248 1169 3312 pra·
1306 3230 1469 3298 Domitius
1495 3250 1594 3313 prope
1621 3234 1674 3295 eet.
1718 3226 1894 3313 Prolepsie,
1923 3249 1988 3313 que
2016 3231 2195 3298 entersrtit

193 3315 1171 3485 titidwfflffiiwfflffl
1221 3314 1781 3485 tittttwttt‘stt
1810 3334 1931 3465 itt?
1944 3315 2194 3469 sttsttt

194 3491 270 3553 tate:
301 3486 333 3550 9.
361 3505 442 3569 orsae
462 3490 491 3552 et
511 3485 678 3567 didicistis,
704 3492 733 3552 et
757 3487 948 3569 suscepistis,
976 3492 1005 3552 et
1026 3486 1169 3559 audietis.
1223 3489 1329 3574 magis
1356 3487 1531 3565 insolesoat
1559 3483 1659 3552 libido
1691 3483 1929 3571 improborum:
1962 3495 1995 3552 st
2016 3507 2082 3572 quo
2103 3508 2194 3573 pern

195 3577 224 3638 et
251 3570 379 3638 vidistis
409 3571 446 3637 io
477 3577 546 3652 met,
579 3571 654 3638 taee
682 3572 786 3655 saeioe,
818 3572 957 3640 etDeas
983 3573 1077 3656 paois
1111 3571 1172 3638 etit
1223 3576 1324 3642 tiores
1345 3592 1406 3639 nos
1429 3573 1542 3639 vident
1563 3570 1605 3638 ad
1624 3571 1805 3653 terendum,
1833 3591 1871 3638 eo
1915 3571 1968 3638 lus
1987 3571 2030 3638 ed
2051 3574 2195 3641 intereu-

192 3656 357 3725 oobiseeta.
1223 3660 1282 3728 das
1312 3658 1449 3726 iniurias
1479 3657 1634 3724 audeant:
1663 3655 1837 3725 diffioulter
1908 3656 2060 3724 duoimur
2092 3668 2132 3724 ut
2159 3662 2194 3726 in

1223 3744 1382 3832 patientia
1410 3751 1522 3811 nostra
1547 3741 1769 3828 possideamus
1790 3741 1916 3809 animes
1938 3752 2077 3810 nostras.
2113 3744 2196 3812 Inde

281 3829 312 3895 4.
338 3827 480 3896 Gaudete
501 3829 538 3894 io
557 3827 703 3895 Domino.
748 3829 947 3897 Exhortatio
972 3833 1022 3897 est
1044 3835 1169 3912 tempo·
1223 3830 1280 3898 illa
1306 3832 1494 3916 proverbia,
1524 3828 1719 3907 ululandum
1749 3829 1837 3895 inter
1863 3827 1968 3913 lupos,
2002 3829 2195 3897 devoratum

195 3914 287 3982 ribus
314 3912 566 3982 eooommoduts
610 3912 775 3996 Quoniam
802 3917 890 3983 enim
912 3920 1019 3983 statne
1040 3914 1169 3998 piorum
1246 3920 1372 3983 rotinus
1393 3917 1434 3982 iri
1456 3937 1477 3983 ο
1496 3914 1594 3998 lupis,
1622 3913 1812 3998 quioniam
1840 3914 1946 3981 instar
1966 3935 2002 3980 ee
2022 3918 2196 4000 gessennt.

196 3999 291 4067 uelde
322 3999 476 4066 turbatae
503 4007 582 4078 orat,
613 3999 756 4084 undique
784 4001 983 4086 ingruebant
1008 3998 1170 4085 peribula:
1222 3939 1340 4088 imque
1379 4000 1618 4081 oonoludimus,
1660 3998 1899 4067 retundendam
1935 4020 2006 4068 esse
2042 4002 2196 4071 imbeiam

196 4086 267 4153 fieri
298 4093 429 4170 poterat
456 4089 495 4152 ut
522 4104 671 4153 moerore
690 4086 745 4154 vel
767 4086 972 4172 impatientis
993 4085 1070 4153 vieti
1092 4083 1171 4152 defi·
1223 4088 1447 4174 improborum
1479 4087 1551 4171 peri
1583 4085 1749 4168 violentia,
1781 4107 1823 4151 ne
1853 4085 1988 4171 impuno
2019 4086 2116 4156 uobis
2146 4088 2196 4154 in·

196 4181 319 4239 nerent.
355 4170 447 4255 Ergo
468 4191 523 4238 eos
544 4171 673 4239 infestis
694 4181 728 4238 οι
750 4172 947 4240 turbulentis
968 4173 1066 4240 rebus
1087 4170 1172 4236 nihi·
1224 4175 1356 4242 enitent.
1414 4173 1479 4241 His
1521 4171 1772 4258 eogitationibne
1808 4170 2033 4342 offlrssiotndigitp
2068 4172 2197 4241 Paulus

198 4258 342 4343 lominus
370 4259 403 4323 in
426 4256 571 4323 Domino
601 4256 746 4344 gaudere
773 4258 872 4326 iubet
915 4258 963 4326 Ut
989 4266 1078 4324 oerts
1099 4266 1171 4322 tum
1223 4260 1354 4327 divinae
1376 4258 1600 4344 providentiae
1621 4256 1783 4324 fidutiam.
2049 4257 2196 4346 inquam,

197 4342 1040 4508 iiiiidiiitii'iffliiiiitffl
1052 4341 1172 4496 ddi
1222 4343 2069 4513 istit..dementissimam
2094 4344 2197 4499 iiii

197 4533 301 4599 qaum
323 4520 412 4580 totus
432 4514 575 4583 mundus
596 4513 639 4581 ad
656 4514 917 4601 desperationem
932 4535 994 4583 nos
1007 4514 1170 4582 sollieitat
1222 4480 1317 4584 nonii
1332 4516 1520 4583 adfuturum
1535 4515 1707 4601 promittit,
1722 4514 1752 4580 si
1766 4513 1921 4580 meudsto
1937 4534 1997 4581 suo
2010 4534 2197 4601 mamus

197 4597 435 4686 Reputandum
449 4608 560 4668 entem
577 4621 620 4668 ex
642 4601 885 4692 eiroumetamia
902 4591 1059 4686 temporie
1073 4620 1171 4686 quem
1224 4603 1308 4686 Quis
1340 4611 1448 4669 eutem
1488 4622 1557 4668 non
1596 4601 1690 4668 malit
1725 4598 1794 4667 sols
1830 4599 1894 4666 Dei
1930 4619 2032 4667 mauu
2067 4602 2197 4751 protegi

198 4686 319 4754 etfioex
335 4685 452 4771 ¹tuerit
484 4706 550 4753 uox
582 4687 649 4754 ista
680 4707 700 4753 e
732 4687 830 4755 Pauli
863 4708 920 4756 ore
951 4688 1083 4770 emissa,
1114 4686 1171 4772 qni
1245 4709 1321 4755 uem
1351 4689 1463 4756 omnia
1491 4687 1607 4753 mundi
1632 4685 1795 4772 praesidio
1820 4684 1862 4751 ad
1891 4706 2027 4752 menum
2050 4685 2174 4755 babere

198 4774 386 4872 prpeoipue·
410 4771 567 4840 tristities
596 4793 696 4842 oense
727 4794 798 4842 eree
830 4782 967 4859 poterat.
1025 4773 1113 4873 Nem
1131 4771 1172 4874 'si
1223 4711 1462 4874 i¹uloherrima⁸
1480 4773 1658 4872 sententie:
1689 4791 1731 4838 ex
1761 4791 1840 4872 que·
1853 4772 1997 4872 primum
2028 4771 2196 4875 disemus,

198 4850 507 4953 persequutionibus
520 4868 702 4947 terrentur,
725 4869 783 4927 sut
803 4861 956 4944 vinoulis,
984 4864 1042 4925 aut
1063 4857 1170 4936 exrluo,
1224 4861 1330 4928 omnis
1350 4861 1573 4945 impetreutree
1593 4877 1725 4926 oensem
1743 4877 1814 4923 osee
1830 4861 2069 4943 ignorabouem
2087 4879 2196 4944 prorr-

200 4955 273 5035 ini„
289 4943 416 5013 morte:
449 4943 504 5013 hio
529 4943 564 5010 iu
597 4945 740 5015 medium
771 4947 879 5032 prodit
906 4945 1083 5031 apostolus,
1116 4944 1171 5029 qni
1225 4946 1356 5013 dentiae
1377 4945 1560 5012 Dei:.hino
1579 4944 1651 5011 fieri
1672 4954 1711 5010 ut
1731 4948 1800 5009 tam
1822 4944 1886 5008 aito
1907 4942 2021 5010 sileri
2038 4936 2079 5011 de
2095 4963 2196 5014 must

200 5030 288 5094 inter
302 5030 451 5110 ''vinouln
473 5031 508 5096 in
532 5030 639 5098 medio
668 5032 785 5102 ardore
852 5033 1110 5119 rsequutionum,
1137 5031 1173 5095 in
1225 5030 1472 5114 tumultuum,
1494 5038 1527 5096 et
1548 5050 1644 5115 saepe
1665 5027 1764 5096 etiem
1784 5027 2045 5113 despondeamus
2058 5030 2194 5111 mimos,

201 5116 322 5204 mortis
339 5115 480 5201 denique
500 5127 591 5185 metu
613 5114 831 5206 non'modo*
865 5127 918 5187 tus
939 5128 999 5201 est,
1012 5116 1070 5184 sed
1091 5114 1173 5182 alios
1248 5117 1314 5182 uod
1356 5135 1424 5182 non
1460 5118 1668 5202 agnosoimus
1703 5134 1765 5183 nos
1802 5112 1944 5200 Domino
1980 5134 2079 5197 surse
2114 5136 2195 5195 esse,

197 5194 557 5295 sustitinent·
589 5200 746 5303 ,Sume
765 5202 879 5295 isiur..
902 5212 977 5288 titt.-
1006 5199 1173 5289 Quidquid
1224 5137 1360 5284 ionia,
1383 5202 1445 5270 hoa
1463 5203 1598 5284 ‚anisum
1618 5198 1800 5303 remedium
1822 5219 1899 5286 saw
1913 5200 2196 5287 otmense
