<?xml version="1.0" encoding="UTF-8"?>
<!DOCTYPE html PUBLIC "-//W3C//DTD XHTML 1.0 Transitional//EN"
    "http://www.w3.org/TR/xhtml1/DTD/xhtml1-transitional.dtd">
<html xmlns="http://www.w3.org/1999/xhtml" xml:lang="en" lang="en">
 <head>
  <title>
</title>
<meta http-equiv="Content-Type" content="text/html;charset=utf-8" />
  <meta name='ocr-system' content='tesseract 3.04.00' />
  <meta name='ocr-capabilities' content='ocr_page ocr_carea ocr_par ocr_line ocrx_word'/>
</head>
<body>
  <div class='ocr_page' id='page_1' title='image "./ioanniscalvinio00calvgoog_0542.png"; bbox 0 0 4762 6016; ppageno 0'>
   <div class='ocr_carea' id='block_1_1' title="bbox 188 376 2196 448">
    <p class='ocr_par' dir='ltr' id='par_1_1' title="bbox 188 376 2196 448">
     <span class='ocr_line' id='line_1_1' title="bbox 188 376 2196 448; baseline 0.002 -7"><span class='ocrx_word' id='word_1_1' title='bbox 188 380 255 445; x_wconf 83' lang='lat'><strong>293</strong></span> <span class='ocrx_word' id='word_1_2' title='bbox 1075 377 1225 443; x_wconf 77' lang='lat' dir='ltr'>CAPUT</span> <span class='ocrx_word' id='word_1_3' title='bbox 1247 376 1307 442; x_wconf 82' lang='lat' dir='ltr'><strong>IV.</strong></span> <span class='ocrx_word' id='word_1_4' title='bbox 2130 379 2196 448; x_wconf 73' lang='lat'><strong>294</strong></span> 
     </span>
    </p>
   </div>
   <div class='ocr_carea' id='block_1_2' title="bbox 191 570 2199 3144">
    <p class='ocr_par' dir='ltr' id='par_1_2' title="bbox 191 570 2192 745">
     <span class='ocr_line' id='line_1_2' title="bbox 192 570 2192 658; baseline 0.002 -18"><span class='ocrx_word' id='word_1_5' title='bbox 192 584 294 640; x_wconf 88' lang='lat' dir='ltr'><strong>tatem</strong></span> <span class='ocrx_word' id='word_1_6' title='bbox 317 574 481 656; x_wconf 86' lang='lat' dir='ltr'><strong>alligando</strong></span> <span class='ocrx_word' id='word_1_7' title='bbox 502 573 648 639; x_wconf 87' lang='lat' dir='ltr'><strong>externis</strong></span> <span class='ocrx_word' id='word_1_8' title='bbox 671 570 852 652; x_wconf 90' lang='lat' dir='ltr'><strong>elementis,</strong></span> <span class='ocrx_word' id='word_1_9' title='bbox 873 571 1079 654; x_wconf 89' lang='lat' dir='ltr'><strong>spiritualem</strong></span> <span class='ocrx_word' id='word_1_10' title='bbox 1101 571 1165 637; x_wconf 90' lang='lat' dir='ltr'><strong>Dei</strong></span> <span class='ocrx_word' id='word_1_11' title='bbox 1217 572 1482 653; x_wconf 86' lang='lat' dir='ltr'><strong>dissimulandus,</strong></span> <span class='ocrx_word' id='word_1_12' title='bbox 1508 592 1607 654; x_wconf 93' lang='lat' dir='ltr'><strong>quum</strong></span> <span class='ocrx_word' id='word_1_13' title='bbox 1631 571 1808 657; x_wconf 75' lang='lat' dir='ltr'>alligantur</span> <span class='ocrx_word' id='word_1_14' title='bbox 1830 573 2001 637; x_wconf 90' lang='lat' dir='ltr'><strong>hominum</strong></span> <span class='ocrx_word' id='word_1_15' title='bbox 2025 575 2192 658; x_wconf 87' lang='lat' dir='ltr'><strong>figmentis</strong></span> 
     </span>
     <span class='ocr_line' id='line_1_3' title="bbox 191 657 2002 745; baseline -0.002 -19"><span class='ocrx_word' id='word_1_16' title='bbox 191 661 314 727; x_wconf 82' lang='lat' dir='ltr'><strong>uultum</strong></span> <span class='ocrx_word' id='word_1_17' title='bbox 339 661 498 745; x_wconf 80' lang='lat' dir='ltr'><strong>pervertit</strong></span> <span class='ocrx_word' id='word_1_18' title='bbox 519 681 557 725; x_wconf 93' lang='lat' dir='ltr'><strong>ae</strong></span> <span class='ocrx_word' id='word_1_19' title='bbox 579 658 738 742; x_wconf 81' lang='lat' dir='ltr'><strong>profanat,</strong></span> <span class='ocrx_word' id='word_1_20' title='bbox 762 666 799 721; x_wconf 89' lang='lat' dir='ltr'><strong>ut</strong></span> <span class='ocrx_word' id='word_1_21' title='bbox 820 658 884 723; x_wconf 93' lang='lat' dir='ltr'><strong>iam</strong></span> <span class='ocrx_word' id='word_1_22' title='bbox 907 657 986 723; x_wconf 87' lang='lat' dir='ltr'><strong>dixi.</strong></span> <span class='ocrx_word' id='word_1_23' title='bbox 1216 659 1441 735; x_wconf 78' lang='lat' dir='ltr'><strong>eonscientiae,</strong></span> <span class='ocrx_word' id='word_1_24' title='bbox 1465 667 1498 724; x_wconf 88' lang='lat' dir='ltr'><strong>et</strong></span> <span class='ocrx_word' id='word_1_25' title='bbox 1520 658 1618 722; x_wconf 93' lang='lat' dir='ltr'><strong>simul</strong></span> <span class='ocrx_word' id='word_1_26' title='bbox 1641 661 1776 723; x_wconf 86' lang='lat' dir='ltr'><strong>vitiatur</strong></span> <span class='ocrx_word' id='word_1_27' title='bbox 1798 658 1905 724; x_wconf 87' lang='lat' dir='ltr'><strong>nultus</strong></span> <span class='ocrx_word' id='word_1_28' title='bbox 1928 660 2002 724; x_wconf 90' lang='lat' dir='ltr'><strong>Dei.</strong></span> 
     </span>
    </p>

    <p class='ocr_par' dir='ltr' id='par_1_3' title="bbox 1216 743 2199 3056">
     <span class='ocr_line' id='line_1_4' title="bbox 1301 743 2199 828; baseline 0.006 -20"><span class='ocrx_word' id='word_1_29' title='bbox 1301 745 1332 808; x_wconf 82' lang='lat'><strong>2.</strong></span> <span class='ocrx_word' id='word_1_30' title='bbox 1364 744 1405 808; x_wconf 82' lang='lat' dir='ltr'><strong>In</strong></span> <span class='ocrx_word' id='word_1_31' title='bbox 1432 743 1589 828; x_wconf 69' lang='lat' dir='ltr'><strong>hypocrisi</strong></span> <span class='ocrx_word' id='word_1_32' title='bbox 1618 743 1867 827; x_wconf 68' lang='lat' dir='ltr'><strong><em>falsiloquorum.</em></strong></span> <span class='ocrx_word' id='word_1_33' title='bbox 1924 744 1962 809; x_wconf 82' lang='lat' dir='ltr'><strong>st</strong></span> <span class='ocrx_word' id='word_1_34' title='bbox 1994 745 2034 809; x_wconf 92' lang='lat' dir='ltr'><strong>ad</strong></span> <span class='ocrx_word' id='word_1_35' title='bbox 2067 746 2199 815; x_wconf 88' lang='lat' dir='ltr'><strong>daemo-</strong></span> 
     </span>
     <span class='ocr_line' id='line_1_5' title="bbox 1216 830 2196 914; baseline 0.006 -20"><span class='ocrx_word' id='word_1_36' title='bbox 1216 830 1271 894; x_wconf 91' lang='lat' dir='ltr'><strong>nia</strong></span> <span class='ocrx_word' id='word_1_37' title='bbox 1302 831 1435 908; x_wconf 85' lang='lat' dir='ltr'><strong>referas,</strong></span> <span class='ocrx_word' id='word_1_38' title='bbox 1468 842 1546 895; x_wconf 88' lang='lat' dir='ltr'><strong>tune</strong></span> <span class='ocrx_word' id='word_1_39' title='bbox 1578 830 1775 914; x_wconf 87' lang='lat' dir='ltr'><strong>signifieabit</strong></span> <span class='ocrx_word' id='word_1_40' title='bbox 1808 830 1870 896; x_wconf 92' lang='lat' dir='ltr'><strong>hoe</strong></span> <span class='ocrx_word' id='word_1_41' title='bbox 1899 851 2015 895; x_wconf 91' lang='lat' dir='ltr'><strong>nomen</strong></span> <span class='ocrx_word' id='word_1_42' title='bbox 2047 832 2196 900; x_wconf 90' lang='lat' dir='ltr'><strong>homines</strong></span> 
     </span>
     <span class='ocr_line' id='line_1_6' title="bbox 1218 915 2195 998; baseline 0.003 -17"><span class='ocrx_word' id='word_1_43' title='bbox 1218 916 1338 982; x_wconf 90' lang='lat' dir='ltr'><strong>diaboli</strong></span> <span class='ocrx_word' id='word_1_44' title='bbox 1369 916 1577 998; x_wconf 79' lang='lat' dir='ltr'><strong>instigatione</strong></span> <span class='ocrx_word' id='word_1_45' title='bbox 1606 915 1766 980; x_wconf 87' lang='lat' dir='ltr'><strong>fallentes.</strong></span> <span class='ocrx_word' id='word_1_46' title='bbox 1811 916 1923 981; x_wconf 89' lang='lat' dir='ltr'><strong>Potest</strong></span> <span class='ocrx_word' id='word_1_47' title='bbox 1955 927 2067 981; x_wconf 90' lang='lat' dir='ltr'><strong>tamen</strong></span> <span class='ocrx_word' id='word_1_48' title='bbox 2095 918 2195 984; x_wconf 86' lang='lat' dir='ltr'><strong>etiam</strong></span> 
     </span>
     <span class='ocr_line' id='line_1_7' title="bbox 1217 1001 2197 1087; baseline 0.003 -20"><span class='ocrx_word' id='word_1_49' title='bbox 1217 1001 1394 1078; x_wconf 77' lang='lat' dir='ltr'><strong>subaudiri,</strong></span> <span class='ocrx_word' id='word_1_50' title='bbox 1417 1001 1586 1066; x_wconf 91' lang='lat' dir='ltr'><strong>hominum</strong></span> <span class='ocrx_word' id='word_1_51' title='bbox 1609 1001 1823 1083; x_wconf 85' lang='lat' dir='ltr'><strong>loquentium.</strong></span> <span class='ocrx_word' id='word_1_52' title='bbox 1863 1003 1966 1068; x_wconf 91' lang='lat' dir='ltr'><strong>Porro</strong></span> <span class='ocrx_word' id='word_1_53' title='bbox 1988 1001 2028 1066; x_wconf 91' lang='lat' dir='ltr'><strong>ad</strong></span> <span class='ocrx_word' id='word_1_54' title='bbox 2051 1005 2197 1087; x_wconf 88' lang='lat' dir='ltr'><strong>speeiem</strong></span> 
     </span>
     <span class='ocr_line' id='line_1_8' title="bbox 1220 1087 2196 1174; baseline 0.002 -23"><span class='ocrx_word' id='word_1_55' title='bbox 1220 1108 1306 1152; x_wconf 87' lang='lat' dir='ltr'><strong>nune</strong></span> <span class='ocrx_word' id='word_1_56' title='bbox 1333 1087 1511 1167; x_wconf 87' lang='lat' dir='ltr'><strong>deseendit,</strong></span> <span class='ocrx_word' id='word_1_57' title='bbox 1543 1107 1642 1170; x_wconf 92' lang='lat' dir='ltr'><strong>quum</strong></span> <span class='ocrx_word' id='word_1_58' title='bbox 1676 1088 1754 1152; x_wconf 91' lang='lat' dir='ltr'><strong>dieit</strong></span> <span class='ocrx_word' id='word_1_59' title='bbox 1783 1108 1837 1152; x_wconf 87' lang='lat' dir='ltr'><strong>eos</strong></span> <span class='ocrx_word' id='word_1_60' title='bbox 1867 1088 2000 1152; x_wconf 91' lang='lat' dir='ltr'><strong>mentiri</strong></span> <span class='ocrx_word' id='word_1_61' title='bbox 2031 1090 2064 1152; x_wconf 93' lang='lat' dir='ltr'><strong>in</strong></span> <span class='ocrx_word' id='word_1_62' title='bbox 2096 1088 2196 1174; x_wconf 81' lang='lat' dir='ltr'><strong>hypn-</strong></span> 
     </span>
     <span class='ocr_line' id='line_1_9' title="bbox 1218 1172 2196 1255; baseline 0.001 -16"><span class='ocrx_word' id='word_1_63' title='bbox 1218 1174 1305 1255; x_wconf 88' lang='lat' dir='ltr'><strong>orisi,</strong></span> <span class='ocrx_word' id='word_1_64' title='bbox 1323 1183 1356 1236; x_wconf 91' lang='lat' dir='ltr'><strong>et</strong></span> <span class='ocrx_word' id='word_1_65' title='bbox 1374 1173 1562 1238; x_wconf 88' lang='lat' dir='ltr'><strong>eauterio</strong></span> <span class='ocrx_word' id='word_1_66' title='bbox 1585 1181 1772 1237; x_wconf 90' lang='lat' dir='ltr'><strong>notatam</strong></span> <span class='ocrx_word' id='word_1_67' title='bbox 1794 1172 1950 1238; x_wconf 88' lang='lat' dir='ltr'><strong>habere</strong></span> <span class='ocrx_word' id='word_1_68' title='bbox 1972 1178 2196 1240; x_wconf 87' lang='lat' dir='ltr'><strong>eonseien-</strong></span> 
     </span>
     <span class='ocr_line' id='line_1_10' title="bbox 1219 1257 2197 1341; baseline 0.007 -20"><span class='ocrx_word' id='word_1_69' title='bbox 1219 1260 1328 1323; x_wconf 90' lang='lat' dir='ltr'><strong>tiam.</strong></span> <span class='ocrx_word' id='word_1_70' title='bbox 1373 1259 1418 1322; x_wconf 78' lang='lat' dir='ltr'><strong>lit</strong></span> <span class='ocrx_word' id='word_1_71' title='bbox 1440 1257 1569 1341; x_wconf 93' lang='lat' dir='ltr'><strong>quidem</strong></span> <span class='ocrx_word' id='word_1_72' title='bbox 1593 1258 1761 1323; x_wconf 77' lang='lat' dir='ltr'><strong>sciendum</strong></span> <span class='ocrx_word' id='word_1_73' title='bbox 1785 1271 1844 1338; x_wconf 89' lang='lat' dir='ltr'><strong>est,</strong></span> <span class='ocrx_word' id='word_1_74' title='bbox 1868 1258 1948 1326; x_wconf 88' lang='lat' dir='ltr'><strong>haee</strong></span> <span class='ocrx_word' id='word_1_75' title='bbox 1971 1259 2034 1324; x_wconf 91' lang='lat' dir='ltr'><strong>duo</strong></span> <span class='ocrx_word' id='word_1_76' title='bbox 2057 1261 2103 1326; x_wconf 92' lang='lat' dir='ltr'><strong>ita</strong></span> <span class='ocrx_word' id='word_1_77' title='bbox 2125 1282 2197 1328; x_wconf 89' lang='lat' dir='ltr'><strong>esse</strong></span> 
     </span>
     <span class='ocr_line' id='line_1_11' title="bbox 1219 1344 2197 1426; baseline 0.003 -16"><span class='ocrx_word' id='word_1_78' title='bbox 1219 1346 1401 1424; x_wconf 88' lang='lat' dir='ltr'><strong>eoniuneta,</strong></span> <span class='ocrx_word' id='word_1_79' title='bbox 1424 1353 1461 1408; x_wconf 92' lang='lat' dir='ltr'><strong>nt</strong></span> <span class='ocrx_word' id='word_1_80' title='bbox 1476 1344 1567 1426; x_wconf 91' lang='lat' dir='ltr'><strong>prins</strong></span> <span class='ocrx_word' id='word_1_81' title='bbox 1582 1365 1623 1409; x_wconf 88' lang='lat' dir='ltr'><strong>ex</strong></span> <span class='ocrx_word' id='word_1_82' title='bbox 1639 1345 1780 1411; x_wconf 87' lang='lat' dir='ltr'><strong>seeundo</strong></span> <span class='ocrx_word' id='word_1_83' title='bbox 1796 1355 1958 1410; x_wconf 89' lang='lat' dir='ltr'><strong>naeeatur.</strong></span> <span class='ocrx_word' id='word_1_84' title='bbox 1989 1345 2073 1411; x_wconf 89' lang='lat' dir='ltr'><strong>Nam</strong></span> <span class='ocrx_word' id='word_1_85' title='bbox 2090 1347 2197 1413; x_wconf 89' lang='lat' dir='ltr'><strong>malae</strong></span> 
     </span>
     <span class='ocr_line' id='line_1_12' title="bbox 1218 1430 2197 1517; baseline 0.004 -22"><span class='ocrx_word' id='word_1_86' title='bbox 1218 1431 1434 1496; x_wconf 87' lang='lat' dir='ltr'><strong>eonseientiae</strong></span> <span class='ocrx_word' id='word_1_87' title='bbox 1463 1440 1496 1495; x_wconf 93' lang='lat' dir='ltr'><strong>et</strong></span> <span class='ocrx_word' id='word_1_88' title='bbox 1521 1430 1680 1496; x_wconf 86' lang='lat' dir='ltr'><strong>seelerum</strong></span> <span class='ocrx_word' id='word_1_89' title='bbox 1719 1433 1862 1496; x_wconf 88' lang='lat' dir='ltr'><strong>eauterio</strong></span> <span class='ocrx_word' id='word_1_90' title='bbox 1900 1432 2037 1497; x_wconf 90' lang='lat' dir='ltr'><strong>adustae</strong></span> <span class='ocrx_word' id='word_1_91' title='bbox 2067 1453 2197 1517; x_wconf 89' lang='lat' dir='ltr'><strong>semper</strong></span> 
     </span>
     <span class='ocr_line' id='line_1_13' title="bbox 1219 1515 2195 1601; baseline 0.004 -21"><span class='ocrx_word' id='word_1_92' title='bbox 1219 1515 1260 1580; x_wconf 90' lang='lat' dir='ltr'><strong>ad</strong></span> <span class='ocrx_word' id='word_1_93' title='bbox 1282 1516 1479 1600; x_wconf 87' lang='lat' dir='ltr'><strong>hypoerisin,</strong></span> <span class='ocrx_word' id='word_1_94' title='bbox 1503 1525 1660 1600; x_wconf 88' lang='lat' dir='ltr'><strong>tanquam</strong></span> <span class='ocrx_word' id='word_1_95' title='bbox 1685 1515 1726 1580; x_wconf 87' lang='lat' dir='ltr'><strong>sd</strong></span> <span class='ocrx_word' id='word_1_96' title='bbox 1744 1520 1933 1600; x_wconf 84' lang='lat' dir='ltr'><strong>promptum</strong></span> <span class='ocrx_word' id='word_1_97' title='bbox 1956 1517 2096 1601; x_wconf 78' lang='lat' dir='ltr'><strong>asylum,</strong></span> <span class='ocrx_word' id='word_1_98' title='bbox 2120 1540 2195 1584; x_wconf 90' lang='lat' dir='ltr'><strong>eon-</strong></span> 
     </span>
     <span class='ocr_line' id='line_1_14' title="bbox 1220 1600 2197 1687; baseline 0.006 -22"><span class='ocrx_word' id='word_1_99' title='bbox 1220 1603 1366 1685; x_wconf 88' lang='lat' dir='ltr'><strong>fugiunt:</strong></span> <span class='ocrx_word' id='word_1_100' title='bbox 1389 1600 1451 1667; x_wconf 90' lang='lat' dir='ltr'><strong>hoo</strong></span> <span class='ocrx_word' id='word_1_101' title='bbox 1473 1610 1532 1681; x_wconf 91' lang='lat' dir='ltr'><strong>est,</strong></span> <span class='ocrx_word' id='word_1_102' title='bbox 1562 1601 1650 1668; x_wconf 89' lang='lat' dir='ltr'><strong>iueos</strong></span> <span class='ocrx_word' id='word_1_103' title='bbox 1680 1604 1868 1687; x_wconf 76' lang='lat' dir='ltr'><strong>excogitant</strong></span> <span class='ocrx_word' id='word_1_104' title='bbox 1899 1602 2017 1685; x_wconf 91' lang='lat' dir='ltr'><strong>quibus</strong></span> <span class='ocrx_word' id='word_1_105' title='bbox 2040 1604 2197 1671; x_wconf 77' lang='lat' dir='ltr'><strong>fallantur</strong></span> 
     </span>
     <span class='ocr_line' id='line_1_15' title="bbox 1220 1686 2196 1771; baseline 0.007 -22"><span class='ocrx_word' id='word_1_106' title='bbox 1220 1687 1282 1753; x_wconf 92' lang='lat' dir='ltr'><strong>Dei</strong></span> <span class='ocrx_word' id='word_1_107' title='bbox 1305 1686 1398 1754; x_wconf 90' lang='lat' dir='ltr'><strong>oeuli.</strong></span> <span class='ocrx_word' id='word_1_108' title='bbox 1433 1686 1520 1768; x_wconf 80' lang='lat' dir='ltr'><strong>Quid</strong></span> <span class='ocrx_word' id='word_1_109' title='bbox 1536 1688 1625 1752; x_wconf 90' lang='lat' dir='ltr'><strong>euim</strong></span> <span class='ocrx_word' id='word_1_110' title='bbox 1647 1688 1736 1753; x_wconf 89' lang='lat' dir='ltr'><strong>aliud</strong></span> <span class='ocrx_word' id='word_1_111' title='bbox 1752 1688 1875 1753; x_wconf 85' lang='lat' dir='ltr'><strong>faeiunt</strong></span> <span class='ocrx_word' id='word_1_112' title='bbox 1892 1689 1948 1771; x_wconf 93' lang='lat' dir='ltr'><strong>qui</strong></span> <span class='ocrx_word' id='word_1_113' title='bbox 1963 1688 2096 1754; x_wconf 77' lang='lat' dir='ltr'><strong>student</strong></span> <span class='ocrx_word' id='word_1_114' title='bbox 2120 1710 2196 1755; x_wconf 91' lang='lat' dir='ltr'><strong>eum</strong></span> 
     </span>
     <span class='ocr_line' id='line_1_16' title="bbox 1220 1771 2197 1860; baseline 0.004 -24"><span class='ocrx_word' id='word_1_115' title='bbox 1220 1773 1349 1855; x_wconf 84' lang='lat' dir='ltr'><strong>plaeere</strong></span> <span class='ocrx_word' id='word_1_116' title='bbox 1377 1773 1522 1838; x_wconf 86' lang='lat' dir='ltr'><strong>externis</strong></span> <span class='ocrx_word' id='word_1_117' title='bbox 1551 1771 1817 1839; x_wconf 85' lang='lat' dir='ltr'><strong>observationum</strong></span> <span class='ocrx_word' id='word_1_118' title='bbox 1840 1772 1943 1840; x_wconf 86' lang='lat' dir='ltr'><strong>faeie?</strong></span> <span class='ocrx_word' id='word_1_119' title='bbox 1978 1775 2069 1858; x_wconf 80' lang='lat' dir='ltr'><strong>Ergo</strong></span> <span class='ocrx_word' id='word_1_120' title='bbox 2091 1773 2197 1860; x_wconf 87' lang='lat' dir='ltr'><strong>hypo·</strong></span> 
     </span>
     <span class='ocr_line' id='line_1_17' title="bbox 1219 1859 2197 1942; baseline 0.004 -18"><span class='ocrx_word' id='word_1_121' title='bbox 1219 1860 1313 1924; x_wconf 87' lang='lat' dir='ltr'><strong>erisis</strong></span> <span class='ocrx_word' id='word_1_122' title='bbox 1342 1879 1401 1941; x_wconf 88' lang='lat' dir='ltr'><strong>pro</strong></span> <span class='ocrx_word' id='word_1_123' title='bbox 1435 1859 1496 1924; x_wconf 90' lang='lat' dir='ltr'><strong>loei</strong></span> <span class='ocrx_word' id='word_1_124' title='bbox 1526 1861 1706 1942; x_wconf 91' lang='lat' dir='ltr'><strong>praesentis</strong></span> <span class='ocrx_word' id='word_1_125' title='bbox 1733 1860 1981 1926; x_wconf 89' lang='lat' dir='ltr'><strong>oireumetantia</strong></span> <span class='ocrx_word' id='word_1_126' title='bbox 2010 1860 2197 1928; x_wconf 84' lang='lat' dir='ltr'><strong>definienda</strong></span> 
     </span>
     <span class='ocr_line' id='line_1_18' title="bbox 1220 1944 2196 2027; baseline 0.003 -18"><span class='ocrx_word' id='word_1_127' title='bbox 1220 1956 1279 2009; x_wconf 92' lang='lat' dir='ltr'><strong>est.</strong></span> <span class='ocrx_word' id='word_1_128' title='bbox 1313 1945 1398 2008; x_wconf 93' lang='lat' dir='ltr'><strong>Nam</strong></span> <span class='ocrx_word' id='word_1_129' title='bbox 1423 1945 1527 2027; x_wconf 92' lang='lat' dir='ltr'><strong>primo</strong></span> <span class='ocrx_word' id='word_1_130' title='bbox 1543 1945 1582 2008; x_wconf 90' lang='lat' dir='ltr'><strong>ad</strong></span> <span class='ocrx_word' id='word_1_131' title='bbox 1606 1944 1787 2010; x_wconf 77' lang='lat' dir='ltr'><strong>doctrinam</strong></span> <span class='ocrx_word' id='word_1_132' title='bbox 1810 1946 1924 2010; x_wconf 79' lang='lat' dir='ltr'><strong>referri</strong></span> <span class='ocrx_word' id='word_1_133' title='bbox 1944 1944 2052 2012; x_wconf 89' lang='lat' dir='ltr'><strong>debet:</strong></span> <span class='ocrx_word' id='word_1_134' title='bbox 2076 1946 2196 2012; x_wconf 88' lang='lat' dir='ltr'><strong>deinde</strong></span> 
     </span>
     <span class='ocr_line' id='line_1_19' title="bbox 1220 2029 2197 2115; baseline 0.005 -21"><span class='ocrx_word' id='word_1_135' title='bbox 1220 2051 1291 2094; x_wconf 88' lang='lat' dir='ltr'><strong>eam</strong></span> <span class='ocrx_word' id='word_1_136' title='bbox 1324 2029 1489 2095; x_wconf 90' lang='lat' dir='ltr'><strong>doetrinae</strong></span> <span class='ocrx_word' id='word_1_137' title='bbox 1519 2032 1660 2113; x_wconf 88' lang='lat' dir='ltr'><strong>speeiem</strong></span> <span class='ocrx_word' id='word_1_138' title='bbox 1682 2032 1855 2115; x_wconf 86' lang='lat' dir='ltr'><strong>signifieat,</strong></span> <span class='ocrx_word' id='word_1_139' title='bbox 1884 2052 1967 2114; x_wconf 90' lang='lat' dir='ltr'><strong>quae</strong></span> <span class='ocrx_word' id='word_1_140' title='bbox 1989 2032 2197 2114; x_wconf 85' lang='lat' dir='ltr'><strong>spiritualem</strong></span> 
     </span>
     <span class='ocr_line' id='line_1_20' title="bbox 1219 2115 2195 2202; baseline 0.007 -24"><span class='ocrx_word' id='word_1_141' title='bbox 1219 2115 1285 2181; x_wconf 92' lang='lat' dir='ltr'><strong>Dei</strong></span> <span class='ocrx_word' id='word_1_142' title='bbox 1306 2115 1431 2181; x_wconf 84' lang='lat' dir='ltr'><strong>uultum</strong></span> <span class='ocrx_word' id='word_1_143' title='bbox 1454 2118 1619 2182; x_wconf 84' lang='lat' dir='ltr'><strong>exereitiis</strong></span> <span class='ocrx_word' id='word_1_144' title='bbox 1640 2116 1860 2200; x_wconf 88' lang='lat' dir='ltr'><strong>eorporalibus</strong></span> <span class='ocrx_word' id='word_1_145' title='bbox 1892 2118 2052 2181; x_wconf 89' lang='lat' dir='ltr'><strong>mutando</strong></span> <span class='ocrx_word' id='word_1_146' title='bbox 2077 2119 2195 2202; x_wconf 84' lang='lat' dir='ltr'><strong>genui·</strong></span> 
     </span>
     <span class='ocr_line' id='line_1_21' title="bbox 1221 2201 2195 2284; baseline 0.005 -20"><span class='ocrx_word' id='word_1_147' title='bbox 1221 2222 1297 2266; x_wconf 90' lang='lat' dir='ltr'><strong>nam</strong></span> <span class='ocrx_word' id='word_1_148' title='bbox 1320 2202 1391 2266; x_wconf 92' lang='lat' dir='ltr'><strong>eius</strong></span> <span class='ocrx_word' id='word_1_149' title='bbox 1417 2206 1593 2284; x_wconf 87' lang='lat' dir='ltr'><strong>puritatem</strong></span> <span class='ocrx_word' id='word_1_150' title='bbox 1617 2201 1790 2267; x_wconf 88' lang='lat' dir='ltr'><strong>adulterat.</strong></span> <span class='ocrx_word' id='word_1_151' title='bbox 1835 2201 1888 2266; x_wconf 89' lang='lat' dir='ltr'><strong>Ita</strong></span> <span class='ocrx_word' id='word_1_152' title='bbox 1916 2202 2058 2267; x_wconf 82' lang='lat' dir='ltr'><strong>laetitios</strong></span> <span class='ocrx_word' id='word_1_153' title='bbox 2079 2223 2195 2269; x_wconf 85' lang='lat' dir='ltr'><strong>omnes</strong></span> 
     </span>
     <span class='ocr_line' id='line_1_22' title="bbox 1219 2285 2195 2370; baseline 0.004 -20"><span class='ocrx_word' id='word_1_154' title='bbox 1219 2285 1371 2369; x_wconf 90' lang='lat' dir='ltr'><strong>plaeandi</strong></span> <span class='ocrx_word' id='word_1_155' title='bbox 1399 2298 1459 2352; x_wconf 89' lang='lat' dir='ltr'><strong>aut</strong></span> <span class='ocrx_word' id='word_1_156' title='bbox 1482 2288 1688 2370; x_wconf 90' lang='lat' dir='ltr'><strong>promerendi</strong></span> <span class='ocrx_word' id='word_1_157' title='bbox 1709 2287 1773 2354; x_wconf 90' lang='lat' dir='ltr'><strong>Dei</strong></span> <span class='ocrx_word' id='word_1_158' title='bbox 1802 2287 1913 2351; x_wconf 92' lang='lat' dir='ltr'><strong>modos</strong></span> <span class='ocrx_word' id='word_1_159' title='bbox 1935 2287 2195 2370; x_wconf 88' lang='lat' dir='ltr'><strong>eomprehendit.</strong></span> 
     </span>
     <span class='ocr_line' id='line_1_23' title="bbox 1220 2365 2194 2457; baseline 0.002 -19"><span class='ocrx_word' id='word_1_160' title='bbox 1220 2370 1358 2438; x_wconf 81' lang='lat' dir='ltr'><strong>Summa</strong></span> <span class='ocrx_word' id='word_1_161' title='bbox 1374 2373 1455 2440; x_wconf 88' lang='lat' dir='ltr'><strong>haee</strong></span> <span class='ocrx_word' id='word_1_162' title='bbox 1476 2376 1528 2457; x_wconf 88' lang='lat' dir='ltr'><strong>sit,</strong></span> <span class='ocrx_word' id='word_1_163' title='bbox 1552 2374 1670 2439; x_wconf 89' lang='lat' dir='ltr'><strong>diaboli</strong></span> <span class='ocrx_word' id='word_1_164' title='bbox 1689 2373 1899 2457; x_wconf 77' lang='lat' dir='ltr'><strong>instigatione</strong></span> <span class='ocrx_word' id='word_1_165' title='bbox 1917 2373 1994 2439; x_wconf 86' lang='lat' dir='ltr'><strong>ferri</strong></span> <span class='ocrx_word' id='word_1_166' title='bbox 2010 2365 2194 2457; x_wconf 75' lang='lat' dir='ltr'><strong>quieunqub</strong></span> 
     </span>
     <span class='ocr_line' id='line_1_24' title="bbox 1221 2459 2193 2541; baseline 0.004 -19"><span class='ocrx_word' id='word_1_167' title='bbox 1221 2459 1363 2523; x_wconf 82' lang='lat' dir='ltr'><strong>lunatam</strong></span> <span class='ocrx_word' id='word_1_168' title='bbox 1390 2460 1635 2524; x_wconf 88' lang='lat' dir='ltr'><strong>sanetimoniam</strong></span> <span class='ocrx_word' id='word_1_169' title='bbox 1659 2459 1836 2525; x_wconf 86' lang='lat' dir='ltr'><strong>indueunt:</strong></span> <span class='ocrx_word' id='word_1_170' title='bbox 1866 2460 1941 2541; x_wconf 90' lang='lat' dir='ltr'><strong>quia</strong></span> <span class='ocrx_word' id='word_1_171' title='bbox 1971 2460 2116 2526; x_wconf 88' lang='lat' dir='ltr'><strong>externis</strong></span> <span class='ocrx_word' id='word_1_172' title='bbox 2147 2461 2193 2526; x_wconf 88' lang='lat' dir='ltr'><strong>ri·</strong></span> 
     </span>
     <span class='ocr_line' id='line_1_25' title="bbox 1220 2543 2196 2629; baseline 0.002 -21"><span class='ocrx_word' id='word_1_173' title='bbox 1220 2543 1306 2611; x_wconf 88' lang='lat' dir='ltr'><strong>tibus</strong></span> <span class='ocrx_word' id='word_1_174' title='bbox 1335 2565 1501 2629; x_wconf 91' lang='lat' dir='ltr'><strong>nunquam</strong></span> <span class='ocrx_word' id='word_1_175' title='bbox 1533 2548 1595 2608; x_wconf 88' lang='lat' dir='ltr'><strong>rite</strong></span> <span class='ocrx_word' id='word_1_176' title='bbox 1625 2545 1717 2611; x_wconf 90' lang='lat' dir='ltr'><strong>Deus</strong></span> <span class='ocrx_word' id='word_1_177' title='bbox 1747 2545 1873 2611; x_wconf 90' lang='lat' dir='ltr'><strong>oolitur.</strong></span> <span class='ocrx_word' id='word_1_178' title='bbox 1917 2544 2004 2609; x_wconf 90' lang='lat' dir='ltr'><strong>Nam</strong></span> <span class='ocrx_word' id='word_1_179' title='bbox 2032 2546 2100 2610; x_wconf 87' lang='lat' dir='ltr'><strong>veri</strong></span> <span class='ocrx_word' id='word_1_180' title='bbox 2128 2547 2196 2612; x_wconf 91' lang='lat' dir='ltr'><strong>eul-</strong></span> 
     </span>
     <span class='ocr_line' id='line_1_26' title="bbox 1220 2629 2194 2716; baseline 0.001 -21"><span class='ocrx_word' id='word_1_181' title='bbox 1220 2638 1305 2697; x_wconf 87' lang='lat' dir='ltr'><strong>tores</strong></span> <span class='ocrx_word' id='word_1_182' title='bbox 1328 2650 1401 2695; x_wconf 91' lang='lat' dir='ltr'><strong>enm</strong></span> <span class='ocrx_word' id='word_1_183' title='bbox 1425 2630 1619 2695; x_wconf 87' lang='lat' dir='ltr'><strong>adorantia</strong></span> <span class='ocrx_word' id='word_1_184' title='bbox 1643 2631 1759 2714; x_wconf 90' lang='lat' dir='ltr'><strong>spiritu</strong></span> <span class='ocrx_word' id='word_1_185' title='bbox 1783 2640 1815 2697; x_wconf 90' lang='lat' dir='ltr'><strong>at</strong></span> <span class='ocrx_word' id='word_1_186' title='bbox 1837 2631 1984 2696; x_wconf 87' lang='lat' dir='ltr'><strong>veritate.</strong></span> <span class='ocrx_word' id='word_1_187' title='bbox 2030 2629 2194 2716; x_wconf 76' lang='lat' dir='ltr'><strong>Secundo,</strong></span> 
     </span>
     <span class='ocr_line' id='line_1_27' title="bbox 1220 2714 2194 2800; baseline 0.005 -21"><span class='ocrx_word' id='word_1_188' title='bbox 1220 2714 1281 2782; x_wconf 87' lang='lat' dir='ltr'><strong>hoe</strong></span> <span class='ocrx_word' id='word_1_189' title='bbox 1313 2736 1384 2782; x_wconf 91' lang='lat' dir='ltr'><strong>esse</strong></span> <span class='ocrx_word' id='word_1_190' title='bbox 1416 2717 1532 2780; x_wconf 90' lang='lat' dir='ltr'><strong>inutile</strong></span> <span class='ocrx_word' id='word_1_191' title='bbox 1565 2717 1838 2783; x_wconf 82' lang='lat' dir='ltr'><strong>meditamentum</strong></span> <span class='ocrx_word' id='word_1_192' title='bbox 1867 2738 1930 2800; x_wconf 92' lang='lat' dir='ltr'><strong>quo</strong></span> <span class='ocrx_word' id='word_1_193' title='bbox 1960 2715 2087 2783; x_wconf 91' lang='lat' dir='ltr'><strong>dolores</strong></span> <span class='ocrx_word' id='word_1_194' title='bbox 2117 2738 2194 2784; x_wconf 88' lang='lat' dir='ltr'><strong>suos</strong></span> 
     </span>
     <span class='ocr_line' id='line_1_28' title="bbox 1220 2801 2194 2887; baseline 0.003 -21"><span class='ocrx_word' id='word_1_195' title='bbox 1220 2802 1373 2886; x_wconf 88' lang='lat' dir='ltr'><strong>mitigant</strong></span> <span class='ocrx_word' id='word_1_196' title='bbox 1406 2801 1612 2886; x_wconf 83' lang='lat' dir='ltr'><strong>hypoeritae,</strong></span> <span class='ocrx_word' id='word_1_197' title='bbox 1651 2803 1702 2868; x_wconf 82' lang='lat' dir='ltr'><strong>vel</strong></span> <span class='ocrx_word' id='word_1_198' title='bbox 1736 2805 1845 2886; x_wconf 92' lang='lat' dir='ltr'><strong>potius</strong></span> <span class='ocrx_word' id='word_1_199' title='bbox 1880 2802 2094 2886; x_wconf 83' lang='lat' dir='ltr'><strong>emplastrum</strong></span> <span class='ocrx_word' id='word_1_200' title='bbox 2128 2823 2194 2887; x_wconf 90' lang='lat' dir='ltr'><strong>quo</strong></span> 
     </span>
     <span class='ocr_line' id='line_1_29' title="bbox 1220 2887 2194 2971; baseline 0.003 -20"><span class='ocrx_word' id='word_1_201' title='bbox 1220 2887 1325 2952; x_wconf 88' lang='lat' dir='ltr'><strong>malae</strong></span> <span class='ocrx_word' id='word_1_202' title='bbox 1353 2888 1569 2954; x_wconf 87' lang='lat' dir='ltr'><strong>eonsnientiae</strong></span> <span class='ocrx_word' id='word_1_203' title='bbox 1599 2888 1737 2954; x_wconf 88' lang='lat' dir='ltr'><strong>vulnera</strong></span> <span class='ocrx_word' id='word_1_204' title='bbox 1764 2889 1854 2954; x_wconf 95' lang='lat' dir='ltr'><strong>nullo</strong></span> <span class='ocrx_word' id='word_1_205' title='bbox 1887 2889 2036 2971; x_wconf 86' lang='lat' dir='ltr'><strong>prolaeta</strong></span> <span class='ocrx_word' id='word_1_206' title='bbox 2064 2908 2194 2957; x_wconf 85' lang='lat' dir='ltr'><strong>summa</strong></span> 
     </span>
     <span class='ocr_line' id='line_1_30' title="bbox 1219 2973 1636 3056; baseline 0 -18"><span class='ocrx_word' id='word_1_207' title='bbox 1219 2993 1281 3038; x_wconf 91' lang='lat' dir='ltr'><strong>sua</strong></span> <span class='ocrx_word' id='word_1_208' title='bbox 1301 2974 1443 3056; x_wconf 81' lang='lat' dir='ltr'><strong>pernitie</strong></span> <span class='ocrx_word' id='word_1_209' title='bbox 1464 2973 1636 3040; x_wconf 87' lang='lat' dir='ltr'><strong>oeeultant.</strong></span> 
     </span>
    </p>

    <p class='ocr_par' dir='ltr' id='par_1_4' title="bbox 1305 3058 2192 3144">
     <span class='ocr_line' id='line_1_31' title="bbox 1305 3058 2192 3144; baseline 0.001 -21"><span class='ocrx_word' id='word_1_210' title='bbox 1305 3058 1334 3124; x_wconf 90' lang='lat'><strong>3.</strong></span> <span class='ocrx_word' id='word_1_211' title='bbox 1358 3058 1606 3124; x_wconf 66' lang='lat' dir='ltr'><strong>Prohibendam.</strong></span> <span class='ocrx_word' id='word_1_212' title='bbox 1654 3059 1794 3142; x_wconf 84' lang='lat' dir='ltr'><strong>Spoeieli</strong></span> <span class='ocrx_word' id='word_1_213' title='bbox 1824 3060 2046 3144; x_wconf 82' lang='lat' dir='ltr'><strong>designatione</strong></span> <span class='ocrx_word' id='word_1_214' title='bbox 2075 3060 2192 3143; x_wconf 83' lang='lat' dir='ltr'><strong>posita,</strong></span> 
     </span>
    </p>
   </div>
   <div class='ocr_carea' id='block_1_3' title="bbox 190 784 1169 3096">
    <p class='ocr_par' dir='ltr' id='par_1_5' title="bbox 190 784 1169 3096">
     <span class='ocr_line' id='line_1_32' title="bbox 278 784 1165 869; baseline -0.007 -14"><span class='ocrx_word' id='word_1_215' title='bbox 278 788 455 855; x_wconf 77' lang='lat' dir='ltr'><strong>Deseiseeut</strong></span> <span class='ocrx_word' id='word_1_216' title='bbox 483 787 614 869; x_wconf 83' lang='lat' dir='ltr'><strong>quidam</strong></span> <span class='ocrx_word' id='word_1_217' title='bbox 643 808 664 852; x_wconf 89' lang='lat' dir='ltr'><strong>a</strong></span> <span class='ocrx_word' id='word_1_218' title='bbox 689 785 761 867; x_wconf 73' lang='lat' dir='ltr'><strong>fide.</strong></span> <span class='ocrx_word' id='word_1_219' title='bbox 805 785 974 851; x_wconf 82' lang='lat' dir='ltr'><strong>Insertum</strong></span> <span class='ocrx_word' id='word_1_220' title='bbox 999 785 1038 849; x_wconf 90' lang='lat' dir='ltr'><strong>de</strong></span> <span class='ocrx_word' id='word_1_221' title='bbox 1062 784 1165 867; x_wconf 83' lang='lat' dir='ltr'><strong>magi·</strong></span> 
     </span>
     <span class='ocr_line' id='line_1_33' title="bbox 193 870 1165 957; baseline -0.007 -16"><span class='ocrx_word' id='word_1_222' title='bbox 193 876 314 941; x_wconf 90' lang='lat' dir='ltr'><strong>strisne</strong></span> <span class='ocrx_word' id='word_1_223' title='bbox 344 875 510 957; x_wconf 89' lang='lat' dir='ltr'><strong>loquatur,</strong></span> <span class='ocrx_word' id='word_1_224' title='bbox 540 895 584 938; x_wconf 90' lang='lat' dir='ltr'><strong>an</strong></span> <span class='ocrx_word' id='word_1_225' title='bbox 612 873 653 937; x_wconf 91' lang='lat' dir='ltr'><strong>de</strong></span> <span class='ocrx_word' id='word_1_226' title='bbox 682 870 891 937; x_wconf 88' lang='lat' dir='ltr'><strong>auditoribus.</strong></span> <span class='ocrx_word' id='word_1_227' title='bbox 936 871 1026 936; x_wconf 86' lang='lat' dir='ltr'><strong>Malo</strong></span> <span class='ocrx_word' id='word_1_228' title='bbox 1055 883 1165 935; x_wconf 89' lang='lat' dir='ltr'><strong>tamen</strong></span> 
     </span>
     <span class='ocr_line' id='line_1_34' title="bbox 193 957 1167 1044; baseline -0.006 -18"><span class='ocrx_word' id='word_1_229' title='bbox 193 962 234 1026; x_wconf 92' lang='lat' dir='ltr'><strong>ad</strong></span> <span class='ocrx_word' id='word_1_230' title='bbox 258 962 453 1044; x_wconf 89' lang='lat' dir='ltr'><strong>posteriores</strong></span> <span class='ocrx_word' id='word_1_231' title='bbox 474 960 612 1024; x_wconf 80' lang='lat' dir='ltr'><strong>referre:</strong></span> <span class='ocrx_word' id='word_1_232' title='bbox 637 959 714 1040; x_wconf 90' lang='lat' dir='ltr'><strong>quia</strong></span> <span class='ocrx_word' id='word_1_233' title='bbox 735 957 910 1039; x_wconf 85' lang='lat' dir='ltr'><strong>magistros</strong></span> <span class='ocrx_word' id='word_1_234' title='bbox 933 957 1049 1022; x_wconf 90' lang='lat' dir='ltr'><strong>deinde</strong></span> <span class='ocrx_word' id='word_1_235' title='bbox 1072 967 1167 1022; x_wconf 85' lang='lat' dir='ltr'><strong>voeat</strong></span> 
     </span>
     <span class='ocr_line' id='line_1_35' title="bbox 192 1040 1167 1130; baseline -0.005 -19"><span class='ocrx_word' id='word_1_236' title='bbox 192 1048 362 1130; x_wconf 87' lang='lat' dir='ltr'><strong>spiritus</strong></span> <span class='ocrx_word' id='word_1_237' title='bbox 384 1047 646 1129; x_wconf 89' lang='lat' dir='ltr'><strong>impostores.</strong></span> <span class='ocrx_word' id='word_1_238' title='bbox 683 1043 729 1107; x_wconf 82' lang='lat' dir='ltr'><strong>Et</strong></span> <span class='ocrx_word' id='word_1_239' title='bbox 751 1043 877 1108; x_wconf 86' lang='lat' dir='ltr'><strong>honest</strong></span> <span class='ocrx_word' id='word_1_240' title='bbox 897 1040 1167 1126; x_wconf 78' lang='grc' dir='ltr'>ἐμφατικώτερον,</span> 
     </span>
     <span class='ocr_line' id='line_1_36' title="bbox 193 1127 1166 1213; baseline -0.007 -15"><span class='ocrx_word' id='word_1_241' title='bbox 193 1153 259 1198; x_wconf 91' lang='lat' dir='ltr'><strong>non</strong></span> <span class='ocrx_word' id='word_1_242' title='bbox 276 1132 371 1197; x_wconf 92' lang='lat' dir='ltr'><strong>modo</strong></span> <span class='ocrx_word' id='word_1_243' title='bbox 397 1133 465 1197; x_wconf 86' lang='lat' dir='ltr'><strong>fore</strong></span> <span class='ocrx_word' id='word_1_244' title='bbox 487 1132 541 1212; x_wconf 93' lang='lat' dir='ltr'><strong>qui</strong></span> <span class='ocrx_word' id='word_1_245' title='bbox 563 1139 720 1213; x_wconf 84' lang='lat' dir='ltr'><strong>spargant</strong></span> <span class='ocrx_word' id='word_1_246' title='bbox 741 1128 843 1210; x_wconf 88' lang='lat' dir='ltr'><strong>impia</strong></span> <span class='ocrx_word' id='word_1_247' title='bbox 865 1127 1015 1211; x_wconf 84' lang='lat' dir='ltr'><strong>dogmata</strong></span> <span class='ocrx_word' id='word_1_248' title='bbox 1037 1144 1070 1193; x_wconf 89' lang='lat' dir='ltr'><strong>at</strong></span> <span class='ocrx_word' id='word_1_249' title='bbox 1092 1128 1166 1193; x_wconf 88' lang='lat' dir='ltr'><strong>fidei</strong></span> 
     </span>
     <span class='ocr_line' id='line_1_37' title="bbox 193 1213 1168 1302; baseline -0.005 -20"><span class='ocrx_word' id='word_1_250' title='bbox 193 1220 369 1302; x_wconf 88' lang='lat' dir='ltr'><strong>puritatem</strong></span> <span class='ocrx_word' id='word_1_251' title='bbox 385 1217 550 1283; x_wconf 82' lang='lat' dir='ltr'><strong>inlinient:</strong></span> <span class='ocrx_word' id='word_1_252' title='bbox 571 1216 628 1281; x_wconf 87' lang='lat' dir='ltr'><strong>esd</strong></span> <span class='ocrx_word' id='word_1_253' title='bbox 651 1213 825 1298; x_wconf 90' lang='lat' dir='ltr'><strong>dieeipulos</strong></span> <span class='ocrx_word' id='word_1_254' title='bbox 847 1217 944 1278; x_wconf 90' lang='lat' dir='ltr'><strong>etiam</strong></span> <span class='ocrx_word' id='word_1_255' title='bbox 968 1235 1036 1279; x_wconf 91' lang='lat' dir='ltr'><strong>non</strong></span> <span class='ocrx_word' id='word_1_256' title='bbox 1057 1213 1168 1278; x_wconf 82' lang='lat' dir='ltr'><strong>defore</strong></span> 
     </span>
     <span class='ocr_line' id='line_1_38' title="bbox 191 1298 1169 1388; baseline -0.006 -20"><span class='ocrx_word' id='word_1_257' title='bbox 191 1323 275 1388; x_wconf 91' lang='lat' dir='ltr'><strong>quos</strong></span> <span class='ocrx_word' id='word_1_258' title='bbox 290 1302 472 1368; x_wconf 85' lang='lat' dir='ltr'><strong>trahentia</strong></span> <span class='ocrx_word' id='word_1_259' title='bbox 494 1322 587 1368; x_wconf 91' lang='lat' dir='ltr'><strong>suam</strong></span> <span class='ocrx_word' id='word_1_260' title='bbox 609 1313 739 1367; x_wconf 75' lang='lat' dir='ltr'><strong>motam.</strong></span> <span class='ocrx_word' id='word_1_261' title='bbox 758 1307 761 1314; x_wconf 86' lang='lat'>&#39;</span> <span class='ocrx_word' id='word_1_262' title='bbox 777 1298 866 1365; x_wconf 90' lang='lat' dir='ltr'><strong>Hine</strong></span> <span class='ocrx_word' id='word_1_263' title='bbox 888 1310 997 1364; x_wconf 91' lang='lat' dir='ltr'><strong>autem</strong></span> <span class='ocrx_word' id='word_1_264' title='bbox 1021 1299 1169 1365; x_wconf 86' lang='lat' dir='ltr'><strong>naseitur</strong></span> 
     </span>
     <span class='ocr_line' id='line_1_39' title="bbox 193 1385 1168 1470; baseline -0.005 -17"><span class='ocrx_word' id='word_1_265' title='bbox 193 1390 298 1454; x_wconf 91' lang='lat' dir='ltr'><strong>maior</strong></span> <span class='ocrx_word' id='word_1_266' title='bbox 323 1389 539 1470; x_wconf 91' lang='lat' dir='ltr'><strong>perturbatio,</strong></span> <span class='ocrx_word' id='word_1_267' title='bbox 569 1407 668 1470; x_wconf 91' lang='lat' dir='ltr'><strong>quum</strong></span> <span class='ocrx_word' id='word_1_268' title='bbox 691 1388 737 1450; x_wconf 91' lang='lat' dir='ltr'><strong>ita</strong></span> <span class='ocrx_word' id='word_1_269' title='bbox 757 1385 962 1451; x_wconf 85' lang='lat' dir='ltr'><strong>mendesium</strong></span> <span class='ocrx_word' id='word_1_270' title='bbox 985 1385 1168 1451; x_wconf 86' lang='lat' dir='ltr'><strong>invalesoit.</strong></span> 
     </span>
     <span class='ocr_line' id='line_1_40' title="bbox 192 1470 1167 1554; baseline -0.007 -13"><span class='ocrx_word' id='word_1_271' title='bbox 192 1475 297 1541; x_wconf 90' lang='lat' dir='ltr'><strong>Porro</strong></span> <span class='ocrx_word' id='word_1_272' title='bbox 314 1496 379 1539; x_wconf 95' lang='lat' dir='ltr'><strong>non</strong></span> <span class='ocrx_word' id='word_1_273' title='bbox 394 1473 467 1541; x_wconf 86' lang='lat' dir='ltr'><strong>leve</strong></span> <span class='ocrx_word' id='word_1_274' title='bbox 482 1485 532 1540; x_wconf 92' lang='lat' dir='ltr'><strong>est</strong></span> <span class='ocrx_word' id='word_1_275' title='bbox 554 1474 670 1539; x_wconf 87' lang='lat' dir='ltr'><strong>vitium</strong></span> <span class='ocrx_word' id='word_1_276' title='bbox 692 1470 777 1554; x_wconf 90' lang='lat' dir='ltr'><strong>quod</strong></span> <span class='ocrx_word' id='word_1_277' title='bbox 799 1481 900 1546; x_wconf 90' lang='lat' dir='ltr'><strong>notat,</strong></span> <span class='ocrx_word' id='word_1_278' title='bbox 925 1472 980 1535; x_wconf 90' lang='lat' dir='ltr'><strong>sed</strong></span> <span class='ocrx_word' id='word_1_279' title='bbox 1003 1471 1167 1536; x_wconf 85' lang='lat' dir='ltr'><strong>atroeissi-</strong></span> 
     </span>
     <span class='ocr_line' id='line_1_41' title="bbox 194 1556 1168 1643; baseline -0.005 -18"><span class='ocrx_word' id='word_1_280' title='bbox 194 1581 284 1625; x_wconf 89' lang='lat' dir='ltr'><strong>mum</strong></span> <span class='ocrx_word' id='word_1_281' title='bbox 317 1563 459 1643; x_wconf 88' lang='lat' dir='ltr'><strong>erimen,</strong></span> <span class='ocrx_word' id='word_1_282' title='bbox 493 1559 654 1643; x_wconf 84' lang='lat' dir='ltr'><strong>apostasia</strong></span> <span class='ocrx_word' id='word_1_283' title='bbox 682 1578 702 1623; x_wconf 90' lang='lat' dir='ltr'><strong>a</strong></span> <span class='ocrx_word' id='word_1_284' title='bbox 730 1556 831 1621; x_wconf 86' lang='lat' dir='ltr'><strong>fide:</strong></span> <span class='ocrx_word' id='word_1_285' title='bbox 862 1567 894 1622; x_wconf 88' lang='lat' dir='ltr'><strong>et</strong></span> <span class='ocrx_word' id='word_1_286' title='bbox 923 1568 1033 1621; x_wconf 88' lang='lat' dir='ltr'><strong>tamen</strong></span> <span class='ocrx_word' id='word_1_287' title='bbox 1063 1558 1168 1641; x_wconf 91' lang='lat' dir='ltr'><strong>prima</strong></span> 
     </span>
     <span class='ocr_line' id='line_1_42' title="bbox 193 1642 1167 1730; baseline -0.007 -18"><span class='ocrx_word' id='word_1_288' title='bbox 193 1648 301 1730; x_wconf 85' lang='lat' dir='ltr'><strong>speeie</strong></span> <span class='ocrx_word' id='word_1_289' title='bbox 324 1667 390 1711; x_wconf 89' lang='lat' dir='ltr'><strong>non</strong></span> <span class='ocrx_word' id='word_1_290' title='bbox 414 1644 542 1712; x_wconf 87' lang='lat' dir='ltr'><strong>ridetur</strong></span> <span class='ocrx_word' id='word_1_291' title='bbox 564 1646 599 1709; x_wconf 93' lang='lat' dir='ltr'><strong>in</strong></span> <span class='ocrx_word' id='word_1_292' title='bbox 621 1645 693 1726; x_wconf 89' lang='lat' dir='ltr'><strong>ipsa</strong></span> <span class='ocrx_word' id='word_1_293' title='bbox 723 1642 879 1721; x_wconf 87' lang='lat' dir='ltr'><strong>doetrina,</strong></span> <span class='ocrx_word' id='word_1_294' title='bbox 906 1661 1007 1723; x_wconf 90' lang='lat' dir='ltr'><strong>quam</strong></span> <span class='ocrx_word' id='word_1_295' title='bbox 1026 1643 1167 1727; x_wconf 87' lang='lat' dir='ltr'><strong>attingit,</strong></span> 
     </span>
     <span class='ocr_line' id='line_1_43' title="bbox 194 1728 1167 1811; baseline -0.005 -15"><span class='ocrx_word' id='word_1_296' title='bbox 194 1741 326 1797; x_wconf 89' lang='lat' dir='ltr'><strong>tentum</strong></span> <span class='ocrx_word' id='word_1_297' title='bbox 344 1752 414 1797; x_wconf 89' lang='lat' dir='ltr'><strong>esse</strong></span> <span class='ocrx_word' id='word_1_298' title='bbox 436 1730 523 1795; x_wconf 90' lang='lat' dir='ltr'><strong>mali.</strong></span> <span class='ocrx_word' id='word_1_299' title='bbox 562 1729 650 1810; x_wconf 81' lang='lat' dir='ltr'><strong>Quid</strong></span> <span class='ocrx_word' id='word_1_300' title='bbox 672 1730 781 1793; x_wconf 82' lang='lat' dir='ltr'><strong>enim?</strong></span> <span class='ocrx_word' id='word_1_301' title='bbox 803 1748 846 1792; x_wconf 93' lang='lat' dir='ltr'><strong>an</strong></span> <span class='ocrx_word' id='word_1_302' title='bbox 869 1743 999 1811; x_wconf 89' lang='lat' dir='ltr'><strong>propter</strong></span> <span class='ocrx_word' id='word_1_303' title='bbox 1021 1728 1167 1794; x_wconf 90' lang='lat' dir='ltr'><strong>eiborum</strong></span> 
     </span>
     <span class='ocr_line' id='line_1_44' title="bbox 195 1811 1168 1900; baseline -0.01 -16"><span class='ocrx_word' id='word_1_304' title='bbox 195 1817 248 1884; x_wconf 86' lang='lat' dir='ltr'><strong>val</strong></span> <span class='ocrx_word' id='word_1_305' title='bbox 262 1817 407 1900; x_wconf 89' lang='lat' dir='ltr'><strong>eoniugii</strong></span> <span class='ocrx_word' id='word_1_306' title='bbox 423 1815 676 1899; x_wconf 87' lang='lat' dir='ltr'><strong>prohibitionem</strong></span> <span class='ocrx_word' id='word_1_307' title='bbox 693 1812 838 1880; x_wconf 77' lang='lat' dir='ltr'><strong>funditus</strong></span> <span class='ocrx_word' id='word_1_308' title='bbox 860 1834 975 1880; x_wconf 86' lang='lat' dir='ltr'><strong>eversa</strong></span> <span class='ocrx_word' id='word_1_309' title='bbox 997 1826 1046 1878; x_wconf 91' lang='lat' dir='ltr'><strong>est</strong></span> <span class='ocrx_word' id='word_1_310' title='bbox 1068 1811 1168 1879; x_wconf 81' lang='lat' dir='ltr'><strong>fides?</strong></span> 
     </span>
     <span class='ocr_line' id='line_1_45' title="bbox 194 1897 1169 1982; baseline -0.007 -12"><span class='ocrx_word' id='word_1_311' title='bbox 194 1903 263 1970; x_wconf 79' lang='lat' dir='ltr'><strong>Sed</strong></span> <span class='ocrx_word' id='word_1_312' title='bbox 293 1901 528 1968; x_wconf 89' lang='lat' dir='ltr'><strong>eonsideranda</strong></span> <span class='ocrx_word' id='word_1_313' title='bbox 548 1911 599 1967; x_wconf 91' lang='lat' dir='ltr'><strong>est</strong></span> <span class='ocrx_word' id='word_1_314' title='bbox 620 1899 716 1965; x_wconf 88' lang='lat' dir='ltr'><strong>altior</strong></span> <span class='ocrx_word' id='word_1_315' title='bbox 738 1899 836 1964; x_wconf 89' lang='lat' dir='ltr'><strong>ratio:</strong></span> <span class='ocrx_word' id='word_1_316' title='bbox 867 1897 953 1981; x_wconf 90' lang='lat' dir='ltr'><strong>quod</strong></span> <span class='ocrx_word' id='word_1_317' title='bbox 977 1920 1169 1982; x_wconf 86' lang='lat' dir='ltr'><strong>perversum</strong></span> 
     </span>
     <span class='ocr_line' id='line_1_46' title="bbox 195 1983 1169 2069; baseline -0.005 -16"><span class='ocrx_word' id='word_1_318' title='bbox 195 1989 258 2054; x_wconf 91' lang='lat' dir='ltr'><strong>Dei</strong></span> <span class='ocrx_word' id='word_1_319' title='bbox 288 1987 408 2053; x_wconf 83' lang='lat' dir='ltr'><strong>nultum</strong></span> <span class='ocrx_word' id='word_1_320' title='bbox 440 1988 587 2052; x_wconf 92' lang='lat' dir='ltr'><strong>homines</strong></span> <span class='ocrx_word' id='word_1_321' title='bbox 617 2007 676 2069; x_wconf 92' lang='lat' dir='ltr'><strong>pro</strong></span> <span class='ocrx_word' id='word_1_322' title='bbox 704 1983 838 2049; x_wconf 90' lang='lat' dir='ltr'><strong>libidine</strong></span> <span class='ocrx_word' id='word_1_323' title='bbox 868 1987 1169 2067; x_wconf 87' lang='lat' dir='ltr'><strong>eomminieeuntur,</strong></span> 
     </span>
     <span class='ocr_line' id='line_1_47' title="bbox 194 2071 1169 2157; baseline -0.005 -18"><span class='ocrx_word' id='word_1_324' title='bbox 194 2075 278 2157; x_wconf 91' lang='lat' dir='ltr'><strong>quod</strong></span> <span class='ocrx_word' id='word_1_325' title='bbox 302 2093 439 2157; x_wconf 90' lang='lat' dir='ltr'><strong>regnum</strong></span> <span class='ocrx_word' id='word_1_326' title='bbox 462 2073 626 2139; x_wconf 82' lang='lat' dir='ltr'><strong>invadunt</strong></span> <span class='ocrx_word' id='word_1_327' title='bbox 647 2073 680 2136; x_wconf 96' lang='lat' dir='ltr'><strong>in</strong></span> <span class='ocrx_word' id='word_1_328' title='bbox 703 2071 934 2146; x_wconf 88' lang='lat' dir='ltr'><strong>eonseientias,</strong></span> <span class='ocrx_word' id='word_1_329' title='bbox 965 2071 1051 2153; x_wconf 89' lang='lat' dir='ltr'><strong>quod</strong></span> <span class='ocrx_word' id='word_1_330' title='bbox 1075 2090 1169 2136; x_wconf 90' lang='lat' dir='ltr'><strong>usum</strong></span> 
     </span>
     <span class='ocr_line' id='line_1_48' title="bbox 196 2156 1169 2239; baseline -0.006 -13"><span class='ocrx_word' id='word_1_331' title='bbox 196 2162 356 2226; x_wconf 90' lang='lat' dir='ltr'><strong>bonarum</strong></span> <span class='ocrx_word' id='word_1_332' title='bbox 372 2177 483 2224; x_wconf 92' lang='lat' dir='ltr'><strong>rerum</strong></span> <span class='ocrx_word' id='word_1_333' title='bbox 499 2180 520 2224; x_wconf 88' lang='lat' dir='ltr'><strong>a</strong></span> <span class='ocrx_word' id='word_1_334' title='bbox 535 2157 678 2224; x_wconf 91' lang='lat' dir='ltr'><strong>Domino</strong></span> <span class='ocrx_word' id='word_1_335' title='bbox 693 2156 888 2239; x_wconf 89' lang='lat' dir='ltr'><strong>permissum</strong></span> <span class='ocrx_word' id='word_1_336' title='bbox 907 2166 1019 2221; x_wconf 88' lang='lat' dir='ltr'><strong>vetare</strong></span> <span class='ocrx_word' id='word_1_337' title='bbox 1037 2158 1169 2223; x_wconf 88' lang='lat' dir='ltr'><strong>audent.</strong></span> 
     </span>
     <span class='ocr_line' id='line_1_49' title="bbox 190 2241 1169 2325; baseline -0.005 -13"><span class='ocrx_word' id='word_1_338' title='bbox 190 2245 257 2312; x_wconf 90' lang='lat' dir='ltr'><strong>Ubi</strong></span> <span class='ocrx_word' id='word_1_339' title='bbox 291 2245 391 2310; x_wconf 90' lang='lat' dir='ltr'><strong>semel</strong></span> <span class='ocrx_word' id='word_1_340' title='bbox 425 2245 560 2310; x_wconf 87' lang='lat' dir='ltr'><strong>vitiatus</strong></span> <span class='ocrx_word' id='word_1_341' title='bbox 593 2254 643 2308; x_wconf 91' lang='lat' dir='ltr'><strong>est</strong></span> <span class='ocrx_word' id='word_1_342' title='bbox 672 2242 778 2307; x_wconf 87' lang='lat' dir='ltr'><strong>nultus</strong></span> <span class='ocrx_word' id='word_1_343' title='bbox 808 2241 882 2318; x_wconf 93' lang='lat' dir='ltr'><strong>Dei,</strong></span> <span class='ocrx_word' id='word_1_344' title='bbox 916 2242 999 2306; x_wconf 91' lang='lat' dir='ltr'><strong>nihil</strong></span> <span class='ocrx_word' id='word_1_345' title='bbox 1028 2242 1169 2325; x_wconf 91' lang='lat' dir='ltr'><strong>amplius</strong></span> 
     </span>
     <span class='ocr_line' id='line_1_50' title="bbox 191 2325 1169 2415; baseline -0.005 -19"><span class='ocrx_word' id='word_1_346' title='bbox 191 2330 358 2415; x_wconf 88' lang='lat' dir='ltr'><strong>integrum</strong></span> <span class='ocrx_word' id='word_1_347' title='bbox 386 2340 444 2395; x_wconf 86' lang='lat' dir='ltr'><strong>aut</strong></span> <span class='ocrx_word' id='word_1_348' title='bbox 465 2350 596 2395; x_wconf 88' lang='lat' dir='ltr'><strong>sanum:</strong></span> <span class='ocrx_word' id='word_1_349' title='bbox 626 2328 691 2392; x_wconf 92' lang='lat' dir='ltr'><strong>imo</strong></span> <span class='ocrx_word' id='word_1_350' title='bbox 714 2338 782 2392; x_wconf 90' lang='lat' dir='ltr'><strong>tota</strong></span> <span class='ocrx_word' id='word_1_351' title='bbox 804 2326 886 2393; x_wconf 86' lang='lat' dir='ltr'><strong>fides</strong></span> <span class='ocrx_word' id='word_1_352' title='bbox 908 2329 1014 2410; x_wconf 90' lang='lat' dir='ltr'><strong>periit.</strong></span> <span class='ocrx_word' id='word_1_353' title='bbox 1059 2325 1169 2407; x_wconf 79' lang='lat' dir='ltr'><strong>Quare</strong></span> 
     </span>
     <span class='ocr_line' id='line_1_51' title="bbox 192 2414 1169 2499; baseline -0.006 -17"><span class='ocrx_word' id='word_1_354' title='bbox 192 2416 321 2483; x_wconf 88' lang='lat' dir='ltr'><strong>rideant</strong></span> <span class='ocrx_word' id='word_1_355' title='bbox 349 2438 409 2481; x_wconf 88' lang='lat' dir='ltr'><strong>nos</strong></span> <span class='ocrx_word' id='word_1_356' title='bbox 436 2415 581 2499; x_wconf 90' lang='lat' dir='ltr'><strong>papistae</strong></span> <span class='ocrx_word' id='word_1_357' title='bbox 603 2414 694 2490; x_wconf 91' lang='lat' dir='ltr'><strong>lieet,</strong></span> <span class='ocrx_word' id='word_1_358' title='bbox 724 2433 824 2497; x_wconf 90' lang='lat' dir='ltr'><strong>quum</strong></span> <span class='ocrx_word' id='word_1_359' title='bbox 846 2414 1037 2496; x_wconf 79' lang='lat' dir='ltr'><strong>tyrannitas</strong></span> <span class='ocrx_word' id='word_1_360' title='bbox 1059 2432 1169 2478; x_wconf 90' lang='lat' dir='ltr'><strong>eorum</strong></span> 
     </span>
     <span class='ocr_line' id='line_1_52' title="bbox 191 2497 1167 2586; baseline -0.006 -18"><span class='ocrx_word' id='word_1_361' title='bbox 191 2503 281 2586; x_wconf 86' lang='lat' dir='ltr'><strong>leges</strong></span> <span class='ocrx_word' id='word_1_362' title='bbox 310 2505 515 2586; x_wconf 83' lang='lat' dir='ltr'><strong>exagitemus</strong></span> <span class='ocrx_word' id='word_1_363' title='bbox 545 2501 585 2565; x_wconf 93' lang='lat' dir='ltr'><strong>de</strong></span> <span class='ocrx_word' id='word_1_364' title='bbox 614 2497 896 2566; x_wconf 87' lang='lat' dir='ltr'><strong>observationibus</strong></span> <span class='ocrx_word' id='word_1_365' title='bbox 922 2500 1083 2563; x_wconf 88' lang='lat' dir='ltr'><strong>externis:</strong></span> <span class='ocrx_word' id='word_1_366' title='bbox 1106 2500 1167 2564; x_wconf 90' lang='lat' dir='ltr'><strong>eei·</strong></span> 
     </span>
     <span class='ocr_line' id='line_1_53' title="bbox 193 2584 1167 2667; baseline -0.008 -12"><span class='ocrx_word' id='word_1_367' title='bbox 193 2609 268 2655; x_wconf 88' lang='lat' dir='ltr'><strong>mus</strong></span> <span class='ocrx_word' id='word_1_368' title='bbox 294 2597 403 2652; x_wconf 86' lang='lat' dir='ltr'><strong>tamen</strong></span> <span class='ocrx_word' id='word_1_369' title='bbox 425 2607 554 2652; x_wconf 88' lang='lat' dir='ltr'><strong>eausam</strong></span> <span class='ocrx_word' id='word_1_370' title='bbox 579 2586 721 2650; x_wconf 89' lang='lat' dir='ltr'><strong>maxime</strong></span> <span class='ocrx_word' id='word_1_371' title='bbox 743 2586 861 2649; x_wconf 89' lang='lat' dir='ltr'><strong>seriam</strong></span> <span class='ocrx_word' id='word_1_372' title='bbox 886 2596 918 2647; x_wconf 89' lang='lat' dir='ltr'><strong>et</strong></span> <span class='ocrx_word' id='word_1_373' title='bbox 940 2584 1167 2667; x_wconf 87' lang='lat' dir='ltr'><strong>gravissimam</strong></span> 
     </span>
     <span class='ocr_line' id='line_1_54' title="bbox 192 2668 1168 2757; baseline -0.006 -17"><span class='ocrx_word' id='word_1_374' title='bbox 192 2695 254 2740; x_wconf 90' lang='lat' dir='ltr'><strong>uos</strong></span> <span class='ocrx_word' id='word_1_375' title='bbox 270 2692 383 2757; x_wconf 86' lang='lat' dir='ltr'><strong>egere:</strong></span> <span class='ocrx_word' id='word_1_376' title='bbox 405 2673 482 2755; x_wconf 87' lang='lat' dir='ltr'><strong>quia</strong></span> <span class='ocrx_word' id='word_1_377' title='bbox 503 2672 681 2754; x_wconf 87' lang='lat' dir='ltr'><strong>dissipatur</strong></span> <span class='ocrx_word' id='word_1_378' title='bbox 702 2670 777 2736; x_wconf 87' lang='lat' dir='ltr'><strong>fidei</strong></span> <span class='ocrx_word' id='word_1_379' title='bbox 800 2671 949 2735; x_wconf 89' lang='lat' dir='ltr'><strong>doetrina</strong></span> <span class='ocrx_word' id='word_1_380' title='bbox 970 2668 1168 2752; x_wconf 85' lang='lat' dir='ltr'><strong>simulatque</strong></span> 
     </span>
     <span class='ocr_line' id='line_1_55' title="bbox 192 2754 1168 2841; baseline -0.008 -15"><span class='ocrx_word' id='word_1_381' title='bbox 192 2760 312 2826; x_wconf 88' lang='lat' dir='ltr'><strong>talibus</strong></span> <span class='ocrx_word' id='word_1_382' title='bbox 333 2757 525 2841; x_wconf 88' lang='lat' dir='ltr'><strong>eorrnptelis</strong></span> <span class='ocrx_word' id='word_1_383' title='bbox 546 2757 690 2824; x_wconf 83' lang='lat' dir='ltr'><strong>inlinitur</strong></span> <span class='ocrx_word' id='word_1_384' title='bbox 706 2757 768 2822; x_wconf 90' lang='lat' dir='ltr'><strong>Dei</strong></span> <span class='ocrx_word' id='word_1_385' title='bbox 790 2756 908 2821; x_wconf 85' lang='lat' dir='ltr'><strong>nultus.</strong></span> <span class='ocrx_word' id='word_1_386' title='bbox 944 2754 1057 2838; x_wconf 88' lang='lat' dir='ltr'><strong>Neque</strong></span> <span class='ocrx_word' id='word_1_387' title='bbox 1079 2755 1168 2819; x_wconf 91' lang='lat' dir='ltr'><strong>enim</strong></span> 
     </span>
     <span class='ocr_line' id='line_1_56' title="bbox 192 2839 1169 2927; baseline -0.007 -16"><span class='ocrx_word' id='word_1_388' title='bbox 192 2846 233 2911; x_wconf 93' lang='lat' dir='ltr'><strong>de</strong></span> <span class='ocrx_word' id='word_1_389' title='bbox 261 2866 358 2911; x_wconf 85' lang='lat' dir='ltr'><strong>earne</strong></span> <span class='ocrx_word' id='word_1_390' title='bbox 386 2855 443 2909; x_wconf 91' lang='lat' dir='ltr'><strong>aut</strong></span> <span class='ocrx_word' id='word_1_391' title='bbox 471 2844 612 2927; x_wconf 89' lang='lat' dir='ltr'><strong>pisoibus</strong></span> <span class='ocrx_word' id='word_1_392' title='bbox 641 2843 681 2909; x_wconf 90' lang='lat' dir='ltr'><strong>lis</strong></span> <span class='ocrx_word' id='word_1_393' title='bbox 710 2844 776 2926; x_wconf 84' lang='lat' dir='ltr'><strong>est,</strong></span> <span class='ocrx_word' id='word_1_394' title='bbox 806 2860 911 2923; x_wconf 89' lang='lat' dir='ltr'><strong>nequa</strong></span> <span class='ocrx_word' id='word_1_395' title='bbox 933 2840 974 2906; x_wconf 89' lang='lat' dir='ltr'><strong>de</strong></span> <span class='ocrx_word' id='word_1_396' title='bbox 996 2839 1090 2924; x_wconf 88' lang='lat' dir='ltr'><strong>nigro</strong></span> <span class='ocrx_word' id='word_1_397' title='bbox 1112 2850 1169 2905; x_wconf 90' lang='lat' dir='ltr'><strong>aut</strong></span> 
     </span>
     <span class='ocr_line' id='line_1_57' title="bbox 193 2926 1168 3012; baseline -0.004 -16"><span class='ocrx_word' id='word_1_398' title='bbox 193 2930 341 2996; x_wconf 80' lang='lat' dir='ltr'><strong>eineriti&#39;o</strong></span> <span class='ocrx_word' id='word_1_399' title='bbox 363 2931 481 3011; x_wconf 78' lang='lat' dir='ltr'><strong>colore,</strong></span> <span class='ocrx_word' id='word_1_400' title='bbox 505 2951 610 3012; x_wconf 91' lang='lat' dir='ltr'><strong>neque</strong></span> <span class='ocrx_word' id='word_1_401' title='bbox 633 2926 674 2993; x_wconf 92' lang='lat' dir='ltr'><strong>de</strong></span> <span class='ocrx_word' id='word_1_402' title='bbox 695 2928 747 2993; x_wconf 94' lang='lat' dir='ltr'><strong>die</strong></span> <span class='ocrx_word' id='word_1_403' title='bbox 768 2927 899 2992; x_wconf 84' lang='lat' dir='ltr'><strong>veneris</strong></span> <span class='ocrx_word' id='word_1_404' title='bbox 922 2936 980 2991; x_wconf 89' lang='lat' dir='ltr'><strong>aut</strong></span> <span class='ocrx_word' id='word_1_405' title='bbox 1000 2927 1168 2992; x_wconf 87' lang='lat' dir='ltr'><strong>mereurii:</strong></span> 
     </span>
     <span class='ocr_line' id='line_1_58' title="bbox 190 3011 1167 3096; baseline -0.006 -13"><span class='ocrx_word' id='word_1_406' title='bbox 190 3015 250 3083; x_wconf 84' lang='lat' dir='ltr'><strong>sed</strong></span> <span class='ocrx_word' id='word_1_407' title='bbox 273 3014 312 3080; x_wconf 90' lang='lat' dir='ltr'><strong>de</strong></span> <span class='ocrx_word' id='word_1_408' title='bbox 335 3017 460 3081; x_wconf 88' lang='lat' dir='ltr'><strong>insanis</strong></span> <span class='ocrx_word' id='word_1_409' title='bbox 482 3016 649 3081; x_wconf 90' lang='lat' dir='ltr'><strong>hominum</strong></span> <span class='ocrx_word' id='word_1_410' title='bbox 669 3013 962 3096; x_wconf 83' lang='lat' dir='ltr'><strong>superstitionibus,</strong></span> <span class='ocrx_word' id='word_1_411' title='bbox 985 3012 1040 3095; x_wconf 91' lang='lat' dir='ltr'><strong>qui</strong></span> <span class='ocrx_word' id='word_1_412' title='bbox 1058 3011 1167 3077; x_wconf 91' lang='lat' dir='ltr'><strong>Deum</strong></span> 
     </span>
    </p>
   </div>
   <div class='ocr_carea' id='block_1_4' title="bbox 195 3097 2194 3229">
    <p class='ocr_par' dir='ltr' id='par_1_6' title="bbox 195 3097 2194 3229">
     <span class='ocr_line' id='line_1_59' title="bbox 195 3097 2194 3229; baseline -0.003 -64"><span class='ocrx_word' id='word_1_413' title='bbox 195 3099 318 3166; x_wconf 89' lang='lat' dir='ltr'><strong>talibus</strong></span> <span class='ocrx_word' id='word_1_414' title='bbox 333 3101 429 3185; x_wconf 82' lang='lat' dir='ltr'><strong>nugis</strong></span> <span class='ocrx_word' id='word_1_415' title='bbox 444 3098 573 3184; x_wconf 87' lang='lat' dir='ltr'><strong>planare</strong></span> <span class='ocrx_word' id='word_1_416' title='bbox 589 3100 721 3167; x_wconf 84' lang='lat' dir='ltr'><strong>volunt:</strong></span> <span class='ocrx_word' id='word_1_417' title='bbox 742 3109 776 3164; x_wconf 87' lang='lat' dir='ltr'><strong>et</strong></span> <span class='ocrx_word' id='word_1_418' title='bbox 793 3099 917 3164; x_wconf 85' lang='lat' dir='ltr'><strong>tultum</strong></span> <span class='ocrx_word' id='word_1_419' title='bbox 935 3097 983 3163; x_wconf 94' lang='lat' dir='ltr'><strong>illi</strong></span> <span class='ocrx_word' id='word_1_420' title='bbox 1005 3098 1168 3163; x_wconf 90' lang='lat' dir='ltr'><strong>earnalem</strong></span> <span class='ocrx_word' id='word_1_421' title='bbox 1220 3165 1307 3210; x_wconf 58' lang='lat' dir='ltr'>nuno</span> <span class='ocrx_word' id='word_1_422' title='bbox 1329 3145 1393 3211; x_wconf 65' lang='lat' dir='ltr'><strong>duo</strong></span> <span class='ocrx_word' id='word_1_423' title='bbox 1415 3163 1545 3228; x_wconf 58' lang='lat' dir='ltr'><strong>quoque</strong></span> <span class='ocrx_word' id='word_1_424' title='bbox 1571 3144 1740 3211; x_wconf 54' lang='lat' dir='ltr'><strong>individua</strong></span> <span class='ocrx_word' id='word_1_425' title='bbox 1762 3156 1869 3210; x_wconf 49' lang='lat' dir='ltr'><strong>notam</strong></span> <span class='ocrx_word' id='word_1_426' title='bbox 1898 3146 2039 3229; x_wconf 56' lang='lat' dir='ltr'><strong>magii</strong></span> <span class='ocrx_word' id='word_1_427' title='bbox 2068 3145 2194 3213; x_wconf 55' lang='lat' dir='ltr'><strong>sonim</strong></span> 
     </span>
    </p>
   </div>
   <div class='ocr_carea' id='block_1_5' title="bbox 193 3184 2193 3340">
    <p class='ocr_par' dir='ltr' id='par_1_7' title="bbox 193 3184 2193 3340">
     <span class='ocr_line' id='line_1_60' title="bbox 193 3184 2193 3340; baseline 0.015 -72"><span class='ocrx_word' id='word_1_428' title='bbox 193 3185 358 3340; x_wconf 53' lang='lat' dir='ltr'><strong>fingffldb</strong></span> <span class='ocrx_word' id='word_1_429' title='bbox 386 3185 510 3252; x_wconf 61' lang='lat'><strong>⁰⁰⁰¹⁰¹¹¹</strong></span> <span class='ocrx_word' id='word_1_430' title='bbox 532 3186 596 3253; x_wconf 65' lang='grc' dir='ltr'><strong>1)θί</strong></span> <span class='ocrx_word' id='word_1_431' title='bbox 618 3185 689 3253; x_wconf 74' lang='lat'><strong>¹⁰⁰⁰</strong></span> <span class='ocrx_word' id='word_1_432' title='bbox 710 3184 770 3252; x_wconf 62' lang='lat'><strong>⁸⁰⁰⁰</strong></span> <span class='ocrx_word' id='word_1_433' title='bbox 793 3186 935 3268; x_wconf 58' lang='lat' dir='ltr'><strong>fingunt·</strong></span> <span class='ocrx_word' id='word_1_434' title='bbox 980 3184 1062 3264; x_wconf 57' lang='lat'><strong>⁰⁰⁰⁸</strong></span> <span class='ocrx_word' id='word_1_435' title='bbox 1084 3184 1168 3248; x_wconf 62' lang='lat' dir='ltr'><strong>hm</strong></span> <span class='ocrx_word' id='word_1_436' title='bbox 1221 3229 1482 3313; x_wconf 84' lang='lat' dir='ltr'><strong>prohibitionem,</strong></span> <span class='ocrx_word' id='word_1_437' title='bbox 1511 3242 1544 3294; x_wconf 91' lang='lat' dir='ltr'><strong>et</strong></span> <span class='ocrx_word' id='word_1_438' title='bbox 1570 3232 1723 3297; x_wconf 76' lang='lat' dir='ltr'><strong>ciborum.</strong></span> <span class='ocrx_word' id='word_1_439' title='bbox 1768 3230 1855 3298; x_wconf 83' lang='lat' dir='ltr'><strong>Sunt</strong></span> <span class='ocrx_word' id='word_1_440' title='bbox 1877 3232 1964 3296; x_wconf 93' lang='lat' dir='ltr'><strong>enim</strong></span> <span class='ocrx_word' id='word_1_441' title='bbox 1987 3254 2029 3297; x_wconf 86' lang='lat' dir='ltr'><strong>ax</strong></span> <span class='ocrx_word' id='word_1_442' title='bbox 2051 3232 2108 3297; x_wconf 92' lang='lat' dir='ltr'><strong>illa</strong></span> <span class='ocrx_word' id='word_1_443' title='bbox 2130 3232 2193 3316; x_wconf 83' lang='lat' dir='ltr'><strong>hy·</strong></span> 
     </span>
    </p>
   </div>
   <div class='ocr_carea' id='block_1_6' title="bbox 185 3269 2194 4944">
    <p class='ocr_par' dir='ltr' id='par_1_8' title="bbox 193 3269 2193 3412">
     <span class='ocr_line' id='line_1_61' title="bbox 193 3269 2193 3412; baseline 0.003 -36"><span class='ocrx_word' id='word_1_444' title='bbox 193 3295 214 3340; x_wconf 72' lang='lat'><strong>⁰</strong></span> <span class='ocrx_word' id='word_1_445' title='bbox 261 3274 301 3339; x_wconf 72' lang='lat'><strong>⁰⁰</strong></span> <span class='ocrx_word' id='word_1_446' title='bbox 323 3274 552 3340; x_wconf 62' lang='lat' dir='ltr'><strong>⁰⁰⁸⁰⁰⁸⁸i⁰⁰⁸m</strong></span> <span class='ocrx_word' id='word_1_447' title='bbox 573 3293 645 3340; x_wconf 77' lang='lat'><strong>⁰⁸⁸⁰</strong></span> <span class='ocrx_word' id='word_1_448' title='bbox 667 3269 783 3356; x_wconf 52' lang='lat'><strong>”⁰⁰⁰⁰</strong></span> <span class='ocrx_word' id='word_1_449' title='bbox 998 3400 1005 3412; x_wconf 26' lang='grc' dir='ltr'>ι</span> <span class='ocrx_word' id='word_1_450' title='bbox 1092 3397 1133 3410; x_wconf 90' lang='lat'><strong>..</strong></span> <span class='ocrx_word' id='word_1_451' title='bbox 1220 3316 1350 3398; x_wconf 86' lang='lat' dir='ltr'><strong>poeriei,</strong></span> <span class='ocrx_word' id='word_1_452' title='bbox 1382 3336 1466 3400; x_wconf 91' lang='lat' dir='ltr'><strong>quae</strong></span> <span class='ocrx_word' id='word_1_453' title='bbox 1487 3316 1601 3382; x_wconf 88' lang='lat' dir='ltr'><strong>reliota</strong></span> <span class='ocrx_word' id='word_1_454' title='bbox 1623 3338 1701 3382; x_wconf 84' lang='lat' dir='ltr'><strong>vera</strong></span> <span class='ocrx_word' id='word_1_455' title='bbox 1722 3317 1894 3383; x_wconf 89' lang='lat' dir='ltr'><strong>sanetitate</strong></span> <span class='ocrx_word' id='word_1_456' title='bbox 1923 3317 2045 3384; x_wconf 89' lang='lat' dir='ltr'><strong>alienos</strong></span> <span class='ocrx_word' id='word_1_457' title='bbox 2066 3318 2193 3383; x_wconf 84' lang='lat' dir='ltr'><strong>toleres</strong></span> 
     </span>
    </p>

    <p class='ocr_par' dir='ltr' id='par_1_9' title="bbox 185 3397 2194 4944">
     <span class='ocr_line' id='line_1_62' title="bbox 282 3397 2192 3486; baseline 0.001 -17"><span class='ocrx_word' id='word_1_458' title='bbox 282 3401 464 3485; x_wconf 56' lang='lat' dir='ltr'><strong>Quom.</strong></span> <span class='ocrx_word' id='word_1_459' title='bbox 514 3400 696 3485; x_wconf 87' lang='lat' dir='ltr'><strong>Prophetae</strong></span> <span class='ocrx_word' id='word_1_460' title='bbox 728 3408 786 3465; x_wconf 88' lang='lat' dir='ltr'><strong>aut</strong></span> <span class='ocrx_word' id='word_1_461' title='bbox 818 3399 964 3466; x_wconf 87' lang='lat' dir='ltr'><strong>dootores</strong></span> <span class='ocrx_word' id='word_1_462' title='bbox 996 3397 1167 3481; x_wconf 78' lang='lat' dir='ltr'><strong>intelligit:</strong></span> <span class='ocrx_word' id='word_1_463' title='bbox 1220 3404 1254 3466; x_wconf 94' lang='lat' dir='ltr'><strong>in</strong></span> <span class='ocrx_word' id='word_1_464' title='bbox 1284 3402 1394 3469; x_wconf 85' lang='lat' dir='ltr'><strong>lunum</strong></span> <span class='ocrx_word' id='word_1_465' title='bbox 1421 3402 1567 3468; x_wconf 77' lang='lat' dir='ltr'><strong>assensit.</strong></span> <span class='ocrx_word' id='word_1_466' title='bbox 1611 3403 1695 3468; x_wconf 88' lang='lat' dir='ltr'><strong>Nam</strong></span> <span class='ocrx_word' id='word_1_467' title='bbox 1729 3404 1786 3486; x_wconf 89' lang='lat' dir='ltr'><strong>qni</strong></span> <span class='ocrx_word' id='word_1_468' title='bbox 1819 3404 1859 3470; x_wconf 90' lang='lat' dir='ltr'><strong>ab</strong></span> <span class='ocrx_word' id='word_1_469' title='bbox 1891 3402 2075 3484; x_wconf 84' lang='lat' dir='ltr'><strong>ambitione,</strong></span> <span class='ocrx_word' id='word_1_470' title='bbox 2107 3403 2192 3484; x_wconf 91' lang='lat' dir='ltr'><strong>odio,</strong></span> 
     </span>
     <span class='ocr_line' id='line_1_63' title="bbox 191 3484 2191 3575; baseline 0.002 -23"><span class='ocrx_word' id='word_1_471' title='bbox 191 3507 276 3570; x_wconf 91' lang='lat' dir='ltr'><strong>qnos</strong></span> <span class='ocrx_word' id='word_1_472' title='bbox 297 3489 370 3556; x_wconf 90' lang='lat' dir='ltr'><strong>ideo</strong></span> <span class='ocrx_word' id='word_1_473' title='bbox 391 3488 439 3555; x_wconf 89' lang='lat' dir='ltr'><strong>sie</strong></span> <span class='ocrx_word' id='word_1_474' title='bbox 458 3488 616 3567; x_wconf 87' lang='lat' dir='ltr'><strong>nominat,</strong></span> <span class='ocrx_word' id='word_1_475' title='bbox 642 3487 720 3570; x_wconf 89' lang='lat' dir='ltr'><strong>quia</strong></span> <span class='ocrx_word' id='word_1_476' title='bbox 741 3484 893 3568; x_wconf 89' lang='lat' dir='ltr'><strong>spiritum</strong></span> <span class='ocrx_word' id='word_1_477' title='bbox 916 3484 1047 3561; x_wconf 88' lang='lat' dir='ltr'><strong>iaetant,</strong></span> <span class='ocrx_word' id='word_1_478' title='bbox 1071 3495 1169 3566; x_wconf 88' lang='lat' dir='ltr'><strong>atque</strong></span> <span class='ocrx_word' id='word_1_479' title='bbox 1220 3488 1367 3565; x_wconf 87' lang='lat' dir='ltr'><strong>avaritia,</strong></span> <span class='ocrx_word' id='word_1_480' title='bbox 1386 3488 1587 3567; x_wconf 90' lang='lat' dir='ltr'><strong>erudelitate,</strong></span> <span class='ocrx_word' id='word_1_481' title='bbox 1603 3489 1738 3571; x_wconf 86' lang='lat' dir='ltr'><strong>aliisque</strong></span> <span class='ocrx_word' id='word_1_482' title='bbox 1754 3489 1916 3556; x_wconf 88' lang='lat' dir='ltr'><strong>similibus</strong></span> <span class='ocrx_word' id='word_1_483' title='bbox 1931 3511 1997 3555; x_wconf 91' lang='lat' dir='ltr'><strong>non</strong></span> <span class='ocrx_word' id='word_1_484' title='bbox 2014 3491 2191 3575; x_wconf 87' lang='lat' dir='ltr'><strong>abstinent,</strong></span> 
     </span>
     <span class='ocr_line' id='line_1_64' title="bbox 194 3569 2193 3659; baseline 0.003 -23"><span class='ocrx_word' id='word_1_485' title='bbox 194 3573 256 3637; x_wconf 89' lang='lat' dir='ltr'><strong>hoe</strong></span> <span class='ocrx_word' id='word_1_486' title='bbox 285 3573 380 3638; x_wconf 88' lang='lat' dir='ltr'><strong>titulo</strong></span> <span class='ocrx_word' id='word_1_487' title='bbox 408 3594 444 3639; x_wconf 89' lang='lat' dir='ltr'><strong>se</strong></span> <span class='ocrx_word' id='word_1_488' title='bbox 466 3574 638 3640; x_wconf 86' lang='lat' dir='ltr'><strong>venditant</strong></span> <span class='ocrx_word' id='word_1_489' title='bbox 666 3572 708 3639; x_wconf 88' lang='lat' dir='ltr'><strong>ad</strong></span> <span class='ocrx_word' id='word_1_490' title='bbox 738 3571 903 3654; x_wconf 92' lang='lat' dir='ltr'><strong>populum.</strong></span> <span class='ocrx_word' id='word_1_491' title='bbox 948 3571 1011 3635; x_wconf 82' lang='lat' dir='ltr'><strong>Eat</strong></span> <span class='ocrx_word' id='word_1_492' title='bbox 1037 3569 1168 3653; x_wconf 92' lang='lat' dir='ltr'><strong>quidem</strong></span> <span class='ocrx_word' id='word_1_493' title='bbox 1219 3594 1332 3639; x_wconf 88' lang='lat' dir='ltr'><strong>aarum</strong></span> <span class='ocrx_word' id='word_1_494' title='bbox 1354 3593 1463 3639; x_wconf 90' lang='lat' dir='ltr'><strong>rerum</strong></span> <span class='ocrx_word' id='word_1_495' title='bbox 1486 3572 1695 3658; x_wconf 87' lang='lat' dir='ltr'><strong>abstinentia,</strong></span> <span class='ocrx_word' id='word_1_496' title='bbox 1716 3595 1852 3658; x_wconf 88' lang='lat' dir='ltr'><strong>querum</strong></span> <span class='ocrx_word' id='word_1_497' title='bbox 1868 3575 2052 3642; x_wconf 88' lang='lat' dir='ltr'><strong>libertatem</strong></span> <span class='ocrx_word' id='word_1_498' title='bbox 2070 3578 2193 3659; x_wconf 90' lang='lat' dir='ltr'><strong>permi-</strong></span> 
     </span>
     <span class='ocr_line' id='line_1_65' title="bbox 187 3656 2193 3744; baseline 0.004 -25"><span class='ocrx_word' id='word_1_499' title='bbox 187 3657 256 3722; x_wconf 86' lang='lat' dir='ltr'><strong>hoe</strong></span> <span class='ocrx_word' id='word_1_500' title='bbox 289 3665 447 3740; x_wconf 85' lang='lat' dir='ltr'><strong>perpetuo</strong></span> <span class='ocrx_word' id='word_1_501' title='bbox 476 3680 605 3740; x_wconf 87' lang='lat' dir='ltr'><strong>verum,</strong></span> <span class='ocrx_word' id='word_1_502' title='bbox 636 3658 879 3742; x_wconf 75' lang='lat' dir='ltr'><strong>qualescunque</strong></span> <span class='ocrx_word' id='word_1_503' title='bbox 911 3657 979 3721; x_wconf 89' lang='lat' dir='ltr'><strong>sint</strong></span> <span class='ocrx_word' id='word_1_504' title='bbox 1011 3656 1168 3734; x_wconf 90' lang='lat' dir='ltr'><strong>homines,</strong></span> <span class='ocrx_word' id='word_1_505' title='bbox 1220 3660 1264 3724; x_wconf 92' lang='lat' dir='ltr'><strong>sit</strong></span> <span class='ocrx_word' id='word_1_506' title='bbox 1277 3659 1378 3737; x_wconf 89' lang='lat' dir='ltr'><strong>Deus,</strong></span> <span class='ocrx_word' id='word_1_507' title='bbox 1400 3659 1560 3725; x_wconf 89' lang='lat' dir='ltr'><strong>iustitiam</strong></span> <span class='ocrx_word' id='word_1_508' title='bbox 1583 3661 1751 3744; x_wconf 83' lang='lat' dir='ltr'><strong>anquirere</strong></span> <span class='ocrx_word' id='word_1_509' title='bbox 1768 3661 1829 3726; x_wconf 91' lang='lat' dir='ltr'><strong>sihi</strong></span> <span class='ocrx_word' id='word_1_510' title='bbox 1852 3670 1991 3726; x_wconf 87' lang='lat' dir='ltr'><strong>tentant.</strong></span> <span class='ocrx_word' id='word_1_511' title='bbox 2024 3659 2193 3742; x_wconf 77' lang='lat' dir='ltr'><strong>Quorsum</strong></span> 
     </span>
     <span class='ocr_line' id='line_1_66' title="bbox 194 3740 2193 3829; baseline 0.002 -20"><span class='ocrx_word' id='word_1_512' title='bbox 194 3740 329 3826; x_wconf 89' lang='lat' dir='ltr'><strong>spiritus</strong></span> <span class='ocrx_word' id='word_1_513' title='bbox 360 3741 570 3825; x_wconf 82' lang='lat' dir='ltr'><strong>instigatione</strong></span> <span class='ocrx_word' id='word_1_514' title='bbox 598 3745 701 3826; x_wconf 90' lang='lat' dir='ltr'><strong>loqui:</strong></span> <span class='ocrx_word' id='word_1_515' title='bbox 734 3742 792 3808; x_wconf 90' lang='lat' dir='ltr'><strong>sed</strong></span> <span class='ocrx_word' id='word_1_516' title='bbox 823 3761 889 3806; x_wconf 90' lang='lat' dir='ltr'><strong>non</strong></span> <span class='ocrx_word' id='word_1_517' title='bbox 918 3740 1005 3806; x_wconf 90' lang='lat' dir='ltr'><strong>idem</strong></span> <span class='ocrx_word' id='word_1_518' title='bbox 1034 3741 1169 3823; x_wconf 90' lang='lat' dir='ltr'><strong>spiritus</strong></span> <span class='ocrx_word' id='word_1_519' title='bbox 1220 3745 1307 3809; x_wconf 89' lang='lat' dir='ltr'><strong>anim</strong></span> <span class='ocrx_word' id='word_1_520' title='bbox 1330 3744 1402 3809; x_wconf 90' lang='lat' dir='ltr'><strong>istis</strong></span> <span class='ocrx_word' id='word_1_521' title='bbox 1429 3742 1555 3829; x_wconf 87' lang='lat' dir='ltr'><strong>legibus</strong></span> <span class='ocrx_word' id='word_1_522' title='bbox 1577 3751 1757 3812; x_wconf 87' lang='lat' dir='ltr'><strong>onerantur</strong></span> <span class='ocrx_word' id='word_1_523' title='bbox 1779 3747 2001 3822; x_wconf 89' lang='lat' dir='ltr'><strong>eonseientiae,</strong></span> <span class='ocrx_word' id='word_1_524' title='bbox 2032 3747 2093 3813; x_wconf 92' lang='lat' dir='ltr'><strong>nisi</strong></span> <span class='ocrx_word' id='word_1_525' title='bbox 2115 3749 2193 3829; x_wconf 87' lang='lat' dir='ltr'><strong>quia</strong></span> 
     </span>
     <span class='ocr_line' id='line_1_67' title="bbox 192 3826 2193 3916; baseline 0.002 -21"><span class='ocrx_word' id='word_1_526' title='bbox 192 3846 306 3895; x_wconf 90' lang='lat' dir='ltr'><strong>omnes</strong></span> <span class='ocrx_word' id='word_1_527' title='bbox 334 3826 480 3909; x_wconf 83' lang='lat' dir='ltr'><strong>instigat.</strong></span> <span class='ocrx_word' id='word_1_528' title='bbox 524 3828 607 3894; x_wconf 88' lang='lat' dir='ltr'><strong>Nam</strong></span> <span class='ocrx_word' id='word_1_529' title='bbox 632 3829 736 3896; x_wconf 85' lang='lat' dir='ltr'><strong>Satan</strong></span> <span class='ocrx_word' id='word_1_530' title='bbox 765 3826 939 3910; x_wconf 89' lang='lat' dir='ltr'><strong>aliquando</strong></span> <span class='ocrx_word' id='word_1_531' title='bbox 960 3827 1096 3909; x_wconf 87' lang='lat' dir='ltr'><strong>spiritus</strong></span> <span class='ocrx_word' id='word_1_532' title='bbox 1118 3836 1169 3893; x_wconf 89' lang='lat' dir='ltr'><strong>est</strong></span> <span class='ocrx_word' id='word_1_533' title='bbox 1218 3830 1373 3913; x_wconf 87' lang='lat' dir='ltr'><strong>perieotio</strong></span> <span class='ocrx_word' id='word_1_534' title='bbox 1399 3841 1493 3895; x_wconf 89' lang='lat' dir='ltr'><strong>extra</strong></span> <span class='ocrx_word' id='word_1_535' title='bbox 1515 3830 1579 3898; x_wconf 91' lang='lat' dir='ltr'><strong>Dei</strong></span> <span class='ocrx_word' id='word_1_536' title='bbox 1608 3834 1713 3916; x_wconf 90' lang='lat' dir='ltr'><strong>legem</strong></span> <span class='ocrx_word' id='word_1_537' title='bbox 1743 3831 1934 3914; x_wconf 84' lang='lat' dir='ltr'><strong>quaeritur?</strong></span> <span class='ocrx_word' id='word_1_538' title='bbox 1977 3832 2051 3898; x_wconf 90' lang='lat' dir='ltr'><strong>Hoe</strong></span> <span class='ocrx_word' id='word_1_539' title='bbox 2081 3843 2193 3899; x_wconf 84' lang='lat' dir='ltr'><strong>autem</strong></span> 
     </span>
     <span class='ocr_line' id='line_1_68' title="bbox 192 3911 2191 4003; baseline 0.002 -23"><span class='ocrx_word' id='word_1_540' title='bbox 192 3912 336 3980; x_wconf 90' lang='lat' dir='ltr'><strong>mendax</strong></span> <span class='ocrx_word' id='word_1_541' title='bbox 363 3912 399 3976; x_wconf 93' lang='lat' dir='ltr'><strong>in</strong></span> <span class='ocrx_word' id='word_1_542' title='bbox 427 3932 483 3977; x_wconf 92' lang='lat' dir='ltr'><strong>ore</strong></span> <span class='ocrx_word' id='word_1_543' title='bbox 511 3913 867 3997; x_wconf 89' lang='lat' dir='ltr'><strong>pseudoprophetarum</strong></span> <span class='ocrx_word' id='word_1_544' title='bbox 896 3911 937 3976; x_wconf 89' lang='lat' dir='ltr'><strong>ad</strong></span> <span class='ocrx_word' id='word_1_545' title='bbox 963 3911 1168 3995; x_wconf 85' lang='lat' dir='ltr'><strong>desipiendos</strong></span> <span class='ocrx_word' id='word_1_546' title='bbox 1218 3936 1285 3980; x_wconf 90' lang='lat' dir='ltr'><strong>non</strong></span> <span class='ocrx_word' id='word_1_547' title='bbox 1308 3917 1345 3981; x_wconf 85' lang='lat' dir='ltr'><strong>fit</strong></span> <span class='ocrx_word' id='word_1_548' title='bbox 1367 3916 1430 3980; x_wconf 88' lang='lat' dir='ltr'><strong>nisi</strong></span> <span class='ocrx_word' id='word_1_549' title='bbox 1453 3917 1493 3982; x_wconf 91' lang='lat' dir='ltr'><strong>ab</strong></span> <span class='ocrx_word' id='word_1_550' title='bbox 1516 3917 1705 4003; x_wconf 83' lang='lat' dir='ltr'><strong>hypueritie,</strong></span> <span class='ocrx_word' id='word_1_551' title='bbox 1727 3919 1794 3999; x_wconf 87' lang='lat' dir='ltr'><strong>qui,</strong></span> <span class='ocrx_word' id='word_1_552' title='bbox 1813 3925 1848 3983; x_wconf 92' lang='lat' dir='ltr'><strong>ut</strong></span> <span class='ocrx_word' id='word_1_553' title='bbox 1870 3918 2004 4001; x_wconf 93' lang='lat' dir='ltr'><strong>impune</strong></span> <span class='ocrx_word' id='word_1_554' title='bbox 2026 3927 2191 4003; x_wconf 88' lang='lat' dir='ltr'><strong>transgre-</strong></span> 
     </span>
     <span class='ocr_line' id='line_1_69' title="bbox 191 3997 2193 4088; baseline 0.001 -22"><span class='ocrx_word' id='word_1_555' title='bbox 191 3998 342 4066; x_wconf 88' lang='lat' dir='ltr'><strong>infideles</strong></span> <span class='ocrx_word' id='word_1_556' title='bbox 370 3998 425 4081; x_wconf 88' lang='lat' dir='ltr'><strong>qui</strong></span> <span class='ocrx_word' id='word_1_557' title='bbox 456 3997 560 4080; x_wconf 88' lang='lat' dir='ltr'><strong>deeipi</strong></span> <span class='ocrx_word' id='word_1_558' title='bbox 581 4009 757 4064; x_wconf 91' lang='lat' dir='ltr'><strong>merentur.</strong></span> <span class='ocrx_word' id='word_1_559' title='bbox 803 3998 961 4079; x_wconf 79' lang='lat' dir='ltr'><strong>Quisquis</strong></span> <span class='ocrx_word' id='word_1_560' title='bbox 982 4009 1090 4064; x_wconf 90' lang='lat' dir='ltr'><strong>autem</strong></span> <span class='ocrx_word' id='word_1_561' title='bbox 1114 3998 1166 4061; x_wconf 90' lang='lat' dir='ltr'><strong>de·</strong></span> <span class='ocrx_word' id='word_1_562' title='bbox 1218 4000 1352 4066; x_wconf 74' lang='lat' dir='ltr'><strong>duntur</strong></span> <span class='ocrx_word' id='word_1_563' title='bbox 1374 4000 1480 4067; x_wconf 80' lang='lat' dir='ltr'><strong>sordis</strong></span> <span class='ocrx_word' id='word_1_564' title='bbox 1500 4001 1658 4068; x_wconf 85' lang='lat' dir='ltr'><strong>iustitiam</strong></span> <span class='ocrx_word' id='word_1_565' title='bbox 1680 4023 1778 4085; x_wconf 90' lang='lat' dir='ltr'><strong>quam</strong></span> <span class='ocrx_word' id='word_1_566' title='bbox 1800 4004 1855 4069; x_wconf 89' lang='lat' dir='ltr'><strong>lex</strong></span> <span class='ocrx_word' id='word_1_567' title='bbox 1880 4004 2025 4088; x_wconf 87' lang='lat' dir='ltr'><strong>requirit,</strong></span> <span class='ocrx_word' id='word_1_568' title='bbox 2056 4004 2193 4070; x_wconf 82' lang='lat' dir='ltr'><strong>interio-</strong></span> 
     </span>
     <span class='ocr_line' id='line_1_70' title="bbox 188 4082 2192 4174; baseline 0.001 -22"><span class='ocrx_word' id='word_1_569' title='bbox 188 4085 293 4152; x_wconf 87' lang='lat' dir='ltr'><strong>bitam</strong></span> <span class='ocrx_word' id='word_1_570' title='bbox 315 4084 450 4152; x_wconf 86' lang='lat' dir='ltr'><strong>Obristo</strong></span> <span class='ocrx_word' id='word_1_571' title='bbox 472 4083 610 4168; x_wconf 84' lang='lat' dir='ltr'><strong>gloriam</strong></span> <span class='ocrx_word' id='word_1_572' title='bbox 632 4083 754 4161; x_wconf 85' lang='lat' dir='ltr'><strong>tribuit,</strong></span> <span class='ocrx_word' id='word_1_573' title='bbox 777 4104 818 4148; x_wconf 93' lang='lat' dir='ltr'><strong>ex</strong></span> <span class='ocrx_word' id='word_1_574' title='bbox 841 4083 956 4166; x_wconf 92' lang='lat' dir='ltr'><strong>spiritu</strong></span> <span class='ocrx_word' id='word_1_575' title='bbox 980 4083 1042 4148; x_wconf 90' lang='lat' dir='ltr'><strong>Dei</strong></span> <span class='ocrx_word' id='word_1_576' title='bbox 1064 4082 1166 4163; x_wconf 91' lang='lat' dir='ltr'><strong>loqui·</strong></span> <span class='ocrx_word' id='word_1_577' title='bbox 1218 4105 1287 4151; x_wconf 90' lang='lat' dir='ltr'><strong>rem</strong></span> <span class='ocrx_word' id='word_1_578' title='bbox 1321 4106 1414 4152; x_wconf 89' lang='lat' dir='ltr'><strong>suam</strong></span> <span class='ocrx_word' id='word_1_579' title='bbox 1442 4089 1620 4170; x_wconf 89' lang='lat' dir='ltr'><strong>nequitiam</strong></span> <span class='ocrx_word' id='word_1_580' title='bbox 1650 4088 1944 4157; x_wconf 78' lang='lat' dir='ltr'><strong>observetinnenlis</strong></span> <span class='ocrx_word' id='word_1_581' title='bbox 1972 4091 2042 4157; x_wconf 90' lang='lat' dir='ltr'><strong>istis</strong></span> <span class='ocrx_word' id='word_1_582' title='bbox 2072 4104 2192 4174; x_wconf 85' lang='lat' dir='ltr'><strong>tegere,</strong></span> 
     </span>
     <span class='ocr_line' id='line_1_71' title="bbox 185 4167 2194 4259; baseline 0.002 -23"><span class='ocrx_word' id='word_1_583' title='bbox 185 4182 256 4249; x_wconf 77' lang='lat' dir='ltr'><strong>tur,</strong></span> <span class='ocrx_word' id='word_1_584' title='bbox 279 4179 363 4237; x_wconf 85' lang='lat' dir='ltr'><strong>teste</strong></span> <span class='ocrx_word' id='word_1_585' title='bbox 385 4169 489 4237; x_wconf 90' lang='lat' dir='ltr'><strong>Paulo</strong></span> <span class='ocrx_word' id='word_1_586' title='bbox 511 4169 557 4252; x_wconf 87' lang='lat'><strong>(1.</strong></span> <span class='ocrx_word' id='word_1_587' title='bbox 578 4169 686 4235; x_wconf 77' lang='lat' dir='ltr'><strong>(ierim</strong></span> <span class='ocrx_word' id='word_1_588' title='bbox 711 4169 763 4253; x_wconf 80' lang='lat'><strong>12,</strong></span> <span class='ocrx_word' id='word_1_589' title='bbox 784 4169 830 4255; x_wconf 88' lang='lat'><strong>3).</strong></span> <span class='ocrx_word' id='word_1_590' title='bbox 874 4168 998 4233; x_wconf 82' lang='lat' dir='ltr'><strong>Verum</strong></span> <span class='ocrx_word' id='word_1_591' title='bbox 1020 4167 1166 4249; x_wconf 91' lang='lat' dir='ltr'><strong>loquutio</strong></span> <span class='ocrx_word' id='word_1_592' title='bbox 1218 4173 1311 4254; x_wconf 90' lang='lat' dir='ltr'><strong>quasi</strong></span> <span class='ocrx_word' id='word_1_593' title='bbox 1334 4172 1415 4237; x_wconf 84' lang='lat' dir='ltr'><strong>velis</strong></span> <span class='ocrx_word' id='word_1_594' title='bbox 1438 4174 1607 4257; x_wconf 90' lang='lat' dir='ltr'><strong>oppositis,</strong></span> <span class='ocrx_word' id='word_1_595' title='bbox 1629 4181 1769 4241; x_wconf 88' lang='lat' dir='ltr'><strong>tentant.</strong></span> <span class='ocrx_word' id='word_1_596' title='bbox 1806 4173 1907 4242; x_wconf 84' lang='lat' dir='ltr'><strong>Olera</strong></span> <span class='ocrx_word' id='word_1_597' title='bbox 1928 4175 2086 4241; x_wconf 73' lang='lat' dir='ltr'><strong>luithere</strong></span> <span class='ocrx_word' id='word_1_598' title='bbox 2108 4177 2194 4259; x_wconf 92' lang='lat' dir='ltr'><strong>peri·</strong></span> 
     </span>
     <span class='ocr_line' id='line_1_72' title="bbox 190 4251 2192 4340; baseline 0.003 -19"><span class='ocrx_word' id='word_1_599' title='bbox 190 4257 266 4340; x_wconf 84' lang='lat' dir='ltr'><strong>ista,</strong></span> <span class='ocrx_word' id='word_1_600' title='bbox 289 4255 330 4321; x_wconf 90' lang='lat' dir='ltr'><strong>de</strong></span> <span class='ocrx_word' id='word_1_601' title='bbox 346 4277 411 4340; x_wconf 91' lang='lat' dir='ltr'><strong>qua</strong></span> <span class='ocrx_word' id='word_1_602' title='bbox 432 4255 672 4340; x_wconf 72' lang='lat' dir='ltr'><strong>nunqagimus,</strong></span> <span class='ocrx_word' id='word_1_603' title='bbox 693 4254 771 4321; x_wconf 89' lang='lat' dir='ltr'><strong>hine</strong></span> <span class='ocrx_word' id='word_1_604' title='bbox 792 4255 886 4320; x_wconf 90' lang='lat' dir='ltr'><strong>initio</strong></span> <span class='ocrx_word' id='word_1_605' title='bbox 901 4254 1058 4335; x_wconf 85' lang='lat' dir='ltr'><strong>manavit,</strong></span> <span class='ocrx_word' id='word_1_606' title='bbox 1079 4251 1165 4335; x_wconf 91' lang='lat' dir='ltr'><strong>quod</strong></span> <span class='ocrx_word' id='word_1_607' title='bbox 1217 4257 1283 4323; x_wconf 92' lang='lat' dir='ltr'><strong>euli</strong></span> <span class='ocrx_word' id='word_1_608' title='bbox 1305 4258 1517 4335; x_wconf 88' lang='lat' dir='ltr'><strong>denuntiatio,</strong></span> <span class='ocrx_word' id='word_1_609' title='bbox 1552 4267 1589 4324; x_wconf 91' lang='lat' dir='ltr'><strong>ut</strong></span> <span class='ocrx_word' id='word_1_610' title='bbox 1620 4281 1685 4326; x_wconf 92' lang='lat' dir='ltr'><strong>non</strong></span> <span class='ocrx_word' id='word_1_611' title='bbox 1715 4261 1814 4326; x_wconf 80' lang='lat' dir='ltr'><strong>fuerit</strong></span> <span class='ocrx_word' id='word_1_612' title='bbox 1845 4261 1986 4328; x_wconf 85' lang='lat' dir='ltr'><strong>diffieilis</strong></span> <span class='ocrx_word' id='word_1_613' title='bbox 2012 4262 2130 4337; x_wconf 87' lang='lat' dir='ltr'><strong>eautio,</strong></span> <span class='ocrx_word' id='word_1_614' title='bbox 2162 4262 2192 4327; x_wconf 91' lang='lat' dir='ltr'><strong>si</strong></span> 
     </span>
     <span class='ocr_line' id='line_1_73' title="bbox 193 4338 2192 4427; baseline 0.003 -20"><span class='ocrx_word' id='word_1_615' title='bbox 193 4341 280 4409; x_wconf 84' lang='lat' dir='ltr'><strong>servi</strong></span> <span class='ocrx_word' id='word_1_616' title='bbox 294 4342 368 4419; x_wconf 91' lang='lat' dir='ltr'><strong>Dei,</strong></span> <span class='ocrx_word' id='word_1_617' title='bbox 392 4349 428 4407; x_wconf 87' lang='lat' dir='ltr'><strong>ut</strong></span> <span class='ocrx_word' id='word_1_618' title='bbox 450 4363 502 4408; x_wconf 92' lang='lat' dir='ltr'><strong>res</strong></span> <span class='ocrx_word' id='word_1_619' title='bbox 524 4349 606 4419; x_wconf 89' lang='lat' dir='ltr'><strong>erat,</strong></span> <span class='ocrx_word' id='word_1_620' title='bbox 627 4360 663 4406; x_wconf 84' lang='lat' dir='ltr'><strong>aa</strong></span> <span class='ocrx_word' id='word_1_621' title='bbox 684 4340 805 4407; x_wconf 85' lang='lat' dir='ltr'><strong>habere</strong></span> <span class='ocrx_word' id='word_1_622' title='bbox 827 4361 870 4404; x_wconf 89' lang='lat' dir='ltr'><strong>ex</strong></span> <span class='ocrx_word' id='word_1_623' title='bbox 891 4338 1026 4420; x_wconf 85' lang='lat' dir='ltr'><strong>spiritus</strong></span> <span class='ocrx_word' id='word_1_624' title='bbox 1044 4338 1166 4403; x_wconf 86' lang='lat' dir='ltr'><strong>revela·</strong></span> <span class='ocrx_word' id='word_1_625' title='bbox 1217 4343 1346 4425; x_wconf 88' lang='lat' dir='ltr'><strong>qnidam</strong></span> <span class='ocrx_word' id='word_1_626' title='bbox 1371 4364 1467 4409; x_wconf 89' lang='lat' dir='ltr'><strong>aures</strong></span> <span class='ocrx_word' id='word_1_627' title='bbox 1494 4345 1623 4427; x_wconf 89' lang='lat' dir='ltr'><strong>spiritui</strong></span> <span class='ocrx_word' id='word_1_628' title='bbox 1656 4355 1770 4414; x_wconf 87' lang='lat' dir='ltr'><strong>saneto</strong></span> <span class='ocrx_word' id='word_1_629' title='bbox 1799 4357 1865 4412; x_wconf 90' lang='lat' dir='ltr'><strong>tam</strong></span> <span class='ocrx_word' id='word_1_630' title='bbox 1892 4346 2013 4412; x_wconf 88' lang='lat' dir='ltr'><strong>diserte</strong></span> <span class='ocrx_word' id='word_1_631' title='bbox 2044 4348 2192 4415; x_wconf 86' lang='lat' dir='ltr'><strong>monenti</strong></span> 
     </span>
     <span class='ocr_line' id='line_1_74' title="bbox 192 4423 2192 4515; baseline 0.004 -23"><span class='ocrx_word' id='word_1_632' title='bbox 192 4429 281 4494; x_wconf 90' lang='lat' dir='ltr'><strong>tione</strong></span> <span class='ocrx_word' id='word_1_633' title='bbox 308 4428 547 4511; x_wconf 85' lang='lat' dir='ltr'><strong>profitebantur</strong></span> <span class='ocrx_word' id='word_1_634' title='bbox 576 4445 785 4509; x_wconf 85' lang='lat' dir='ltr'><strong>quaeeunque</strong></span> <span class='ocrx_word' id='word_1_635' title='bbox 813 4426 847 4489; x_wconf 93' lang='lat' dir='ltr'><strong>in</strong></span> <span class='ocrx_word' id='word_1_636' title='bbox 877 4424 1022 4489; x_wconf 91' lang='lat' dir='ltr'><strong>medium</strong></span> <span class='ocrx_word' id='word_1_637' title='bbox 1050 4423 1165 4488; x_wconf 80' lang='lat' dir='ltr'><strong>affere·</strong></span> <span class='ocrx_word' id='word_1_638' title='bbox 1219 4429 1366 4494; x_wconf 91' lang='lat' dir='ltr'><strong>homines</strong></span> <span class='ocrx_word' id='word_1_639' title='bbox 1388 4428 1622 4512; x_wconf 86' lang='lat' dir='ltr'><strong>praebuissent.</strong></span> <span class='ocrx_word' id='word_1_640' title='bbox 1667 4432 1828 4498; x_wconf 87' lang='lat' dir='ltr'><strong>Videmus</strong></span> <span class='ocrx_word' id='word_1_641' title='bbox 1851 4444 1958 4497; x_wconf 90' lang='lat' dir='ltr'><strong>tamen</strong></span> <span class='ocrx_word' id='word_1_642' title='bbox 1983 4433 2016 4497; x_wconf 92' lang='lat' dir='ltr'><strong>in</strong></span> <span class='ocrx_word' id='word_1_643' title='bbox 2039 4433 2192 4515; x_wconf 86' lang='lat' dir='ltr'><strong>plurimis</strong></span> 
     </span>
     <span class='ocr_line' id='line_1_75' title="bbox 192 4510 2192 4597; baseline 0.003 -18"><span class='ocrx_word' id='word_1_644' title='bbox 192 4512 285 4579; x_wconf 86' lang='lat' dir='ltr'><strong>bant.</strong></span> <span class='ocrx_word' id='word_1_645' title='bbox 328 4511 425 4580; x_wconf 90' lang='lat' dir='ltr'><strong>Unde</strong></span> <span class='ocrx_word' id='word_1_646' title='bbox 446 4513 511 4579; x_wconf 92' lang='lat' dir='ltr'><strong>illis</strong></span> <span class='ocrx_word' id='word_1_647' title='bbox 532 4511 673 4581; x_wconf 88' lang='lat' dir='ltr'><strong>inditum</strong></span> <span class='ocrx_word' id='word_1_648' title='bbox 694 4511 757 4577; x_wconf 86' lang='lat' dir='ltr'><strong>init</strong></span> <span class='ocrx_word' id='word_1_649' title='bbox 778 4510 912 4594; x_wconf 88' lang='lat' dir='ltr'><strong>spiritus</strong></span> <span class='ocrx_word' id='word_1_650' title='bbox 934 4530 1053 4576; x_wconf 90' lang='lat' dir='ltr'><strong>nomen</strong></span> <span class='ocrx_word' id='word_1_651' title='bbox 1074 4513 1166 4576; x_wconf 89' lang='lat' dir='ltr'><strong>euius</strong></span> <span class='ocrx_word' id='word_1_652' title='bbox 1218 4514 1438 4597; x_wconf 88' lang='lat' dir='ltr'><strong>praevaluisse</strong></span> <span class='ocrx_word' id='word_1_653' title='bbox 1467 4513 1613 4583; x_wconf 81' lang='lat' dir='ltr'><strong>Satanae</strong></span> <span class='ocrx_word' id='word_1_654' title='bbox 1643 4518 1803 4595; x_wconf 89' lang='lat' dir='ltr'><strong>tenebras,</strong></span> <span class='ocrx_word' id='word_1_655' title='bbox 1835 4529 1872 4581; x_wconf 92' lang='lat' dir='ltr'><strong>ut</strong></span> <span class='ocrx_word' id='word_1_656' title='bbox 1901 4517 1985 4582; x_wconf 90' lang='lat' dir='ltr'><strong>nihil</strong></span> <span class='ocrx_word' id='word_1_657' title='bbox 2013 4527 2105 4584; x_wconf 89' lang='lat' dir='ltr'><strong>tanta</strong></span> <span class='ocrx_word' id='word_1_658' title='bbox 2131 4518 2192 4584; x_wconf 86' lang='lat' dir='ltr'><strong>lux</strong></span> 
     </span>
     <span class='ocr_line' id='line_1_76' title="bbox 190 4595 2193 4686; baseline 0.002 -22"><span class='ocrx_word' id='word_1_659' title='bbox 190 4608 289 4664; x_wconf 85' lang='lat' dir='ltr'><strong>arant</strong></span> <span class='ocrx_word' id='word_1_660' title='bbox 314 4619 448 4684; x_wconf 87' lang='lat' dir='ltr'><strong>organa.</strong></span> <span class='ocrx_word' id='word_1_661' title='bbox 491 4596 637 4666; x_wconf 79' lang='lat' dir='ltr'><strong>Satanae</strong></span> <span class='ocrx_word' id='word_1_662' title='bbox 657 4619 736 4665; x_wconf 87' lang='lat' dir='ltr'><strong>raro</strong></span> <span class='ocrx_word' id='word_1_663' title='bbox 757 4595 900 4663; x_wconf 89' lang='lat' dir='ltr'><strong>ministri</strong></span> <span class='ocrx_word' id='word_1_664' title='bbox 922 4597 1002 4662; x_wconf 81' lang='lat' dir='ltr'><strong>salsa</strong></span> <span class='ocrx_word' id='word_1_665' title='bbox 1023 4596 1165 4661; x_wconf 88' lang='lat' dir='ltr'><strong>aemnla-</strong></span> <span class='ocrx_word' id='word_1_666' title='bbox 1217 4600 1357 4682; x_wconf 89' lang='lat' dir='ltr'><strong>insignis</strong></span> <span class='ocrx_word' id='word_1_667' title='bbox 1379 4611 1412 4665; x_wconf 89' lang='lat' dir='ltr'><strong>et</strong></span> <span class='ocrx_word' id='word_1_668' title='bbox 1440 4602 1642 4669; x_wconf 85' lang='lat' dir='ltr'><strong>memorandi</strong></span> <span class='ocrx_word' id='word_1_669' title='bbox 1674 4603 1795 4670; x_wconf 91' lang='lat' dir='ltr'><strong>oraouli</strong></span> <span class='ocrx_word' id='word_1_670' title='bbox 1832 4600 2000 4686; x_wconf 79' lang='lat' dir='ltr'><strong>profuerit.</strong></span> <span class='ocrx_word' id='word_1_671' title='bbox 2055 4605 2193 4670; x_wconf 80' lang='lat' dir='ltr'><strong>Etenim</strong></span> 
     </span>
     <span class='ocr_line' id='line_1_77' title="bbox 194 4683 2192 4773; baseline 0.005 -27"><span class='ocrx_word' id='word_1_672' title='bbox 194 4685 292 4765; x_wconf 90' lang='lat' dir='ltr'><strong>tione,</strong></span> <span class='ocrx_word' id='word_1_673' title='bbox 307 4695 462 4768; x_wconf 83' lang='lat' dir='ltr'><strong>tanquam</strong></span> <span class='ocrx_word' id='word_1_674' title='bbox 477 4684 600 4769; x_wconf 87' lang='lat' dir='ltr'><strong>simiae,</strong></span> <span class='ocrx_word' id='word_1_675' title='bbox 614 4683 701 4751; x_wconf 90' lang='lat' dir='ltr'><strong>idem</strong></span> <span class='ocrx_word' id='word_1_676' title='bbox 715 4688 829 4767; x_wconf 88' lang='lat' dir='ltr'><strong>postea</strong></span> <span class='ocrx_word' id='word_1_677' title='bbox 843 4683 1164 4763; x_wconf 87' lang='lat' dir='ltr'><strong>iaetareeoepsrunt:</strong></span> <span class='ocrx_word' id='word_1_678' title='bbox 1218 4706 1282 4750; x_wconf 88' lang='lat' dir='ltr'><strong>nen</strong></span> <span class='ocrx_word' id='word_1_679' title='bbox 1311 4686 1413 4751; x_wconf 89' lang='lat' dir='ltr'><strong>multo</strong></span> <span class='ocrx_word' id='word_1_680' title='bbox 1442 4698 1516 4771; x_wconf 89' lang='lat' dir='ltr'><strong>post</strong></span> <span class='ocrx_word' id='word_1_681' title='bbox 1547 4689 1686 4773; x_wconf 86' lang='lat' dir='ltr'><strong>apostoli</strong></span> <span class='ocrx_word' id='word_1_682' title='bbox 1716 4699 1853 4754; x_wconf 88' lang='lat' dir='ltr'><strong>mortem</strong></span> <span class='ocrx_word' id='word_1_683' title='bbox 1883 4690 1989 4755; x_wconf 88' lang='lat' dir='ltr'><strong>exorti</strong></span> <span class='ocrx_word' id='word_1_684' title='bbox 2018 4699 2096 4755; x_wconf 92' lang='lat' dir='ltr'><strong>sunt</strong></span> <span class='ocrx_word' id='word_1_685' title='bbox 2119 4690 2192 4755; x_wconf 82' lang='lat' dir='ltr'><strong>Eu·</strong></span> 
     </span>
     <span class='ocr_line' id='line_1_78' title="bbox 187 4766 2192 4924; baseline 0.002 -89"><span class='ocrx_word' id='word_1_686' title='bbox 187 4775 228 4835; x_wconf 83' lang='lat' dir='ltr'><strong>at</strong></span> <span class='ocrx_word' id='word_1_687' title='bbox 249 4791 369 4837; x_wconf 89' lang='lat' dir='ltr'><strong>nomen</strong></span> <span class='ocrx_word' id='word_1_688' title='bbox 391 4790 519 4855; x_wconf 92' lang='lat' dir='ltr'><strong>quoque</strong></span> <span class='ocrx_word' id='word_1_689' title='bbox 540 4770 622 4838; x_wconf 79' lang='lat' dir='ltr'><strong>falso</strong></span> <span class='ocrx_word' id='word_1_690' title='bbox 640 4771 682 4836; x_wconf 89' lang='lat' dir='ltr'><strong>ad</strong></span> <span class='ocrx_word' id='word_1_691' title='bbox 703 4789 738 4836; x_wconf 86' lang='lat' dir='ltr'><strong>ee</strong></span> <span class='ocrx_word' id='word_1_692' title='bbox 760 4778 942 4833; x_wconf 87' lang='lat' dir='ltr'><strong>traxerunt.</strong></span> <span class='ocrx_word' id='word_1_693' title='bbox 975 4766 1163 4834; x_wconf 81' lang='lat' dir='ltr'><strong>Seoundum</strong></span> <span class='ocrx_word' id='word_1_694' title='bbox 1217 4772 1351 4836; x_wconf 88' lang='lat' dir='ltr'><strong>eratitae</strong></span> <span class='ocrx_word' id='word_1_695' title='bbox 1377 4771 1446 4924; x_wconf 60' lang='lat' dir='ltr'><strong>gqui</strong></span> <span class='ocrx_word' id='word_1_696' title='bbox 1478 4796 1597 4840; x_wconf 91' lang='lat' dir='ltr'><strong>nomen</strong></span> <span class='ocrx_word' id='word_1_697' title='bbox 1620 4776 1682 4840; x_wconf 90' lang='lat' dir='ltr'><strong>sibi</strong></span> <span class='ocrx_word' id='word_1_698' title='bbox 1704 4795 1723 4840; x_wconf 89' lang='lat' dir='ltr'><strong>a</strong></span> <span class='ocrx_word' id='word_1_699' title='bbox 1744 4775 1946 4841; x_wconf 80' lang='lat' dir='ltr'><strong>rontinentia</strong></span> <span class='ocrx_word' id='word_1_700' title='bbox 1973 4774 2192 4862; x_wconf 89' lang='lat' dir='ltr'><strong>indiderunt),</strong></span> 
     </span>
     <span class='ocr_line' id='line_1_79' title="bbox 193 4853 2191 4944; baseline 0.004 -23"><span class='ocrx_word' id='word_1_701' title='bbox 193 4856 278 4922; x_wconf 89' lang='lat' dir='ltr'><strong>hane</strong></span> <span class='ocrx_word' id='word_1_702' title='bbox 310 4856 470 4921; x_wconf 89' lang='lat' dir='ltr'><strong>rationem</strong></span> <span class='ocrx_word' id='word_1_703' title='bbox 503 4855 581 4922; x_wconf 89' lang='lat' dir='ltr'><strong>dieit</strong></span> <span class='ocrx_word' id='word_1_704' title='bbox 614 4855 796 4922; x_wconf 87' lang='lat' dir='ltr'><strong>lohannes:</strong></span> <span class='ocrx_word' id='word_1_705' title='bbox 838 4853 980 4919; x_wconf 86' lang='lat' dir='ltr'><strong>Probata</strong></span> <span class='ocrx_word' id='word_1_706' title='bbox 1020 4854 1164 4936; x_wconf 89' lang='lat' dir='ltr'><strong>spiritus,</strong></span> <span class='ocrx_word' id='word_1_707' title='bbox 1217 4857 1355 4936; x_wconf 71' lang='lat' dir='ltr'><strong>Taueni,</strong></span> <span class='ocrx_word' id='word_1_708' title='bbox 1406 4857 1524 4944; x_wconf 85' lang='lat' dir='ltr'><strong>etheri,</strong></span> <span class='ocrx_word' id='word_1_709' title='bbox 1555 4861 1734 4927; x_wconf 88' lang='lat' dir='ltr'><strong>Montanus</strong></span> <span class='ocrx_word' id='word_1_710' title='bbox 1756 4880 1829 4925; x_wconf 90' lang='lat' dir='ltr'><strong>eum</strong></span> <span class='ocrx_word' id='word_1_711' title='bbox 1852 4880 1912 4925; x_wconf 89' lang='lat' dir='ltr'><strong>sua</strong></span> <span class='ocrx_word' id='word_1_712' title='bbox 1933 4870 2031 4940; x_wconf 72' lang='lat' dir='ltr'><strong>meta,</strong></span> <span class='ocrx_word' id='word_1_713' title='bbox 2060 4870 2093 4926; x_wconf 91' lang='lat' dir='ltr'><strong>et</strong></span> <span class='ocrx_word' id='word_1_714' title='bbox 2116 4867 2191 4928; x_wconf 84' lang='lat' dir='ltr'><strong>tan·</strong></span> 
     </span>
    </p>
   </div>
   <div class='ocr_carea' id='block_1_7' title="bbox 185 4938 2196 5377">
    <p class='ocr_par' dir='ltr' id='par_1_10' title="bbox 185 4938 2196 5377">
     <span class='ocr_line' id='line_1_80' title="bbox 186 4938 2192 5033; baseline 0.006 -30"><span class='ocrx_word' id='word_1_715' title='bbox 186 4941 349 5025; x_wconf 86' lang='lat' dir='ltr'><strong>numquid</strong></span> <span class='ocrx_word' id='word_1_716' title='bbox 379 4961 421 5008; x_wconf 87' lang='lat' dir='ltr'><strong>ex</strong></span> <span class='ocrx_word' id='word_1_717' title='bbox 450 4938 524 5008; x_wconf 90' lang='lat' dir='ltr'><strong>Deo</strong></span> <span class='ocrx_word' id='word_1_718' title='bbox 554 4941 621 5008; x_wconf 89' lang='lat' dir='ltr'><strong>sint</strong></span> <span class='ocrx_word' id='word_1_719' title='bbox 647 4940 693 5027; x_wconf 84' lang='lat' dir='ltr'><strong>(l.</strong></span> <span class='ocrx_word' id='word_1_720' title='bbox 708 4940 823 5007; x_wconf 91' lang='lat' dir='ltr'><strong>Iohan.</strong></span> <span class='ocrx_word' id='word_1_721' title='bbox 839 4940 870 5021; x_wconf 83' lang='lat'><strong>4,</strong></span> <span class='ocrx_word' id='word_1_722' title='bbox 886 4939 928 5023; x_wconf 92' lang='grc'><strong>1).</strong></span> <span class='ocrx_word' id='word_1_723' title='bbox 973 4940 1018 5005; x_wconf 80' lang='lat' dir='ltr'><strong>Et</strong></span> <span class='ocrx_word' id='word_1_724' title='bbox 1040 4939 1165 5005; x_wconf 90' lang='lat' dir='ltr'><strong>Paulus</strong></span> <span class='ocrx_word' id='word_1_725' title='bbox 1217 4942 1289 5008; x_wconf 89' lang='lat' dir='ltr'><strong>dem</strong></span> <span class='ocrx_word' id='word_1_726' title='bbox 1305 4942 1503 5028; x_wconf 84' lang='lat' dir='ltr'><strong>blasiohsei,</strong></span> <span class='ocrx_word' id='word_1_727' title='bbox 1524 4947 1582 5029; x_wconf 91' lang='lat' dir='ltr'><strong>qui</strong></span> <span class='ocrx_word' id='word_1_728' title='bbox 1603 4946 1643 5012; x_wconf 90' lang='lat' dir='ltr'><strong>ab</strong></span> <span class='ocrx_word' id='word_1_729' title='bbox 1664 4967 1721 5012; x_wconf 91' lang='lat' dir='ltr'><strong>esu</strong></span> <span class='ocrx_word' id='word_1_730' title='bbox 1743 4946 1891 5014; x_wconf 88' lang='lat' dir='ltr'><strong>earnium</strong></span> <span class='ocrx_word' id='word_1_731' title='bbox 1913 4956 1948 5012; x_wconf 90' lang='lat' dir='ltr'><strong>st</strong></span> <span class='ocrx_word' id='word_1_732' title='bbox 1961 4946 2112 5033; x_wconf 87' lang='lat' dir='ltr'><strong>eoniugie</strong></span> <span class='ocrx_word' id='word_1_733' title='bbox 2133 4947 2192 5015; x_wconf 90' lang='lat' dir='ltr'><strong>ab·</strong></span> 
     </span>
     <span class='ocr_line' id='line_1_81' title="bbox 192 5024 2191 5117; baseline 0.004 -24"><span class='ocrx_word' id='word_1_734' title='bbox 192 5047 228 5093; x_wconf 91' lang='lat' dir='ltr'><strong>ee</strong></span> <span class='ocrx_word' id='word_1_735' title='bbox 258 5027 366 5110; x_wconf 91' lang='lat' dir='ltr'><strong>ipsum</strong></span> <span class='ocrx_word' id='word_1_736' title='bbox 395 5030 531 5112; x_wconf 84' lang='lat' dir='ltr'><strong>exponit</strong></span> <span class='ocrx_word' id='word_1_737' title='bbox 558 5027 718 5112; x_wconf 87' lang='lat' dir='ltr'><strong>addendo,</strong></span> <span class='ocrx_word' id='word_1_738' title='bbox 756 5027 974 5092; x_wconf 89' lang='lat' dir='ltr'><strong>doetrinis</strong></span> <span class='ocrx_word' id='word_1_739' title='bbox 1007 5024 1165 5092; x_wconf 89' lang='lat' dir='ltr'><strong>daemo·</strong></span> <span class='ocrx_word' id='word_1_740' title='bbox 1217 5027 1407 5108; x_wconf 88' lang='lat' dir='ltr'><strong>horrerent,</strong></span> <span class='ocrx_word' id='word_1_741' title='bbox 1443 5037 1477 5095; x_wconf 87' lang='lat' dir='ltr'><strong>et</strong></span> <span class='ocrx_word' id='word_1_742' title='bbox 1511 5039 1669 5114; x_wconf 89' lang='lat' dir='ltr'><strong>tanquam</strong></span> <span class='ocrx_word' id='word_1_743' title='bbox 1706 5053 1758 5098; x_wconf 91' lang='lat' dir='ltr'><strong>res</strong></span> <span class='ocrx_word' id='word_1_744' title='bbox 1794 5031 1948 5117; x_wconf 83' lang='lat' dir='ltr'><strong>profanas</strong></span> <span class='ocrx_word' id='word_1_745' title='bbox 1984 5031 2191 5100; x_wconf 85' lang='lat' dir='ltr'><strong>damnarent.</strong></span> 
     </span>
     <span class='ocr_line' id='line_1_82' title="bbox 192 5111 2190 5204; baseline 0.003 -26"><span class='ocrx_word' id='word_1_746' title='bbox 192 5113 376 5179; x_wconf 84' lang='lat' dir='ltr'><strong>uiarum:</strong></span> <span class='ocrx_word' id='word_1_747' title='bbox 404 5114 491 5197; x_wconf 91' lang='lat' dir='ltr'><strong>quod</strong></span> <span class='ocrx_word' id='word_1_748' title='bbox 519 5113 655 5200; x_wconf 89' lang='lat' dir='ltr'><strong>perinde</strong></span> <span class='ocrx_word' id='word_1_749' title='bbox 682 5123 733 5180; x_wconf 90' lang='lat' dir='ltr'><strong>est</strong></span> <span class='ocrx_word' id='word_1_750' title='bbox 760 5132 798 5179; x_wconf 89' lang='lat' dir='ltr'><strong>ae</strong></span> <span class='ocrx_word' id='word_1_751' title='bbox 824 5113 852 5179; x_wconf 92' lang='lat' dir='ltr'><strong>si</strong></span> <span class='ocrx_word' id='word_1_752' title='bbox 881 5111 1027 5195; x_wconf 87' lang='lat' dir='ltr'><strong>dixisset,</strong></span> <span class='ocrx_word' id='word_1_753' title='bbox 1058 5122 1164 5178; x_wconf 84' lang='lat' dir='ltr'><strong>atten-</strong></span> <span class='ocrx_word' id='word_1_754' title='bbox 1217 5114 1423 5198; x_wconf 78' lang='lat' dir='ltr'><strong>Quamquam</strong></span> <span class='ocrx_word' id='word_1_755' title='bbox 1446 5123 1555 5182; x_wconf 86' lang='lat' dir='ltr'><strong>autem</strong></span> <span class='ocrx_word' id='word_1_756' title='bbox 1576 5126 1710 5201; x_wconf 89' lang='lat' dir='ltr'><strong>propter</strong></span> <span class='ocrx_word' id='word_1_757' title='bbox 1731 5138 1824 5184; x_wconf 89' lang='lat' dir='ltr'><strong>suam</strong></span> <span class='ocrx_word' id='word_1_758' title='bbox 1841 5120 2078 5204; x_wconf 71' lang='lat' dir='ltr'><strong>,armgsntiam</strong></span> <span class='ocrx_word' id='word_1_759' title='bbox 2104 5117 2190 5203; x_wconf 89' lang='lat' dir='ltr'><strong>quod</strong></span> 
     </span>
     <span class='ocr_line' id='line_1_83' title="bbox 185 5197 2190 5290; baseline 0.004 -26"><span class='ocrx_word' id='word_1_760' title='bbox 185 5198 307 5265; x_wconf 86' lang='lat' dir='ltr'><strong>dentes</strong></span> <span class='ocrx_word' id='word_1_761' title='bbox 339 5198 688 5285; x_wconf 68' lang='lat' dir='ltr'><strong>pseudoprophetiam</strong></span> <span class='ocrx_word' id='word_1_762' title='bbox 710 5197 877 5266; x_wconf 85' lang='lat' dir='ltr'><strong>diabolieie</strong></span> <span class='ocrx_word' id='word_1_763' title='bbox 898 5219 1009 5264; x_wconf 88' lang='lat' dir='ltr'><strong>aarum</strong></span> <span class='ocrx_word' id='word_1_764' title='bbox 1033 5199 1163 5283; x_wconf 86' lang='lat' dir='ltr'><strong>dogma-</strong></span> <span class='ocrx_word' id='word_1_765' title='bbox 1217 5199 1300 5264; x_wconf 85' lang='lat' dir='ltr'><strong>ahos</strong></span> <span class='ocrx_word' id='word_1_766' title='bbox 1321 5201 1390 5267; x_wconf 88' lang='lat' dir='ltr'><strong>suis</strong></span> <span class='ocrx_word' id='word_1_767' title='bbox 1419 5201 1547 5284; x_wconf 87' lang='lat' dir='ltr'><strong>planitie</strong></span> <span class='ocrx_word' id='word_1_768' title='bbox 1569 5203 1728 5273; x_wconf 90' lang='lat' dir='ltr'><strong>obnoxios</strong></span> <span class='ocrx_word' id='word_1_769' title='bbox 1752 5205 1859 5271; x_wconf 83' lang='lat' dir='ltr'><strong>faeere</strong></span> <span class='ocrx_word' id='word_1_770' title='bbox 1879 5204 2045 5290; x_wconf 81' lang='lat' dir='ltr'><strong>volebant,</strong></span> <span class='ocrx_word' id='word_1_771' title='bbox 2069 5205 2114 5277; x_wconf 90' lang='lat' dir='ltr'><strong>ab</strong></span> <span class='ocrx_word' id='word_1_772' title='bbox 2136 5226 2190 5272; x_wconf 86' lang='lat' dir='ltr'><strong>ee·</strong></span> 
     </span>
     <span class='ocr_line' id='line_1_84' title="bbox 186 5284 2196 5377; baseline 0.005 -26"><span class='ocrx_word' id='word_1_773' title='bbox 186 5284 288 5353; x_wconf 80' lang='lat' dir='ltr'><strong>tibns.</strong></span> <span class='ocrx_word' id='word_1_774' title='bbox 325 5285 451 5354; x_wconf 92' lang='lat' dir='ltr'><strong>Iterum</strong></span> <span class='ocrx_word' id='word_1_775' title='bbox 466 5287 605 5356; x_wconf 76' lang='lat' dir='ltr'><strong>observa</strong></span> <span class='ocrx_word' id='word_1_776' title='bbox 626 5305 724 5368; x_wconf 89' lang='lat' dir='ltr'><strong>quam</strong></span> <span class='ocrx_word' id='word_1_777' title='bbox 740 5304 805 5351; x_wconf 90' lang='lat' dir='ltr'><strong>non</strong></span> <span class='ocrx_word' id='word_1_778' title='bbox 827 5285 909 5353; x_wconf 86' lang='lat' dir='ltr'><strong>laris</strong></span> <span class='ocrx_word' id='word_1_779' title='bbox 926 5285 970 5351; x_wconf 90' lang='lat' dir='ltr'><strong>sit</strong></span> <span class='ocrx_word' id='word_1_780' title='bbox 991 5305 1082 5351; x_wconf 91' lang='lat' dir='ltr'><strong>error</strong></span> <span class='ocrx_word' id='word_1_781' title='bbox 1104 5304 1164 5350; x_wconf 88' lang='lat' dir='ltr'><strong>nse</strong></span> <span class='ocrx_word' id='word_1_782' title='bbox 1218 5286 1317 5352; x_wconf 82' lang='lat' dir='ltr'><strong>alesia</strong></span> <span class='ocrx_word' id='word_1_783' title='bbox 1337 5288 1470 5354; x_wconf 82' lang='lat' dir='ltr'><strong>inerunt</strong></span> <span class='ocrx_word' id='word_1_784' title='bbox 1487 5286 1664 5373; x_wconf 87' lang='lat' dir='ltr'><strong>repudiati:</strong></span> <span class='ocrx_word' id='word_1_785' title='bbox 1695 5311 1750 5360; x_wconf 88' lang='lat' dir='ltr'><strong>eos</strong></span> <span class='ocrx_word' id='word_1_786' title='bbox 1766 5296 1888 5369; x_wconf 72' lang='lat' dir='ltr'><strong>,tamon</strong></span> <span class='ocrx_word' id='word_1_787' title='bbox 1910 5289 2018 5377; x_wconf 78' lang='lat' dir='ltr'><strong>ipsos,¹</strong></span> <span class='ocrx_word' id='word_1_788' title='bbox 2034 5290 2196 5376; x_wconf 74' lang='lat' dir='ltr'><strong>,quiillia</strong></span> 
     </span>
    </p>
   </div>
   <div class='ocr_carea' id='block_1_8' title="bbox 1933 5411 1982 5465">
    <p class='ocr_par' dir='ltr' id='par_1_11' title="bbox 1933 5411 1982 5465">
     <span class='ocr_line' id='line_1_85' title="bbox 1933 5411 1982 5465; baseline 0.02 -1"><span class='ocrx_word' id='word_1_789' title='bbox 1933 5411 1982 5465; x_wconf 79' lang='lat'><strong>19·</strong></span> 
     </span>
    </p>
   </div>
   <div class='ocr_carea' id='block_1_9' title="bbox 0 0 2386 6016">
    <p class='ocr_par' dir='ltr' id='par_1_12' title="bbox 0 0 2386 6016">
     <span class='ocr_line' id='line_1_86' title="bbox 0 0 2386 6016; baseline 0 0"><span class='ocrx_word' id='word_1_790' title='bbox 0 0 2386 6016; x_wconf 95' lang='lat' dir='ltr'><strong> </strong></span> 
     </span>
    </p>
   </div>
  </div>
 </body>
</html>
