4762 6016
1021 1475 1365 1546 ARGUMBNOE'UM.

277 1870 360 1938 'ires
382 1870 519 1938 luerunt
538 1868 637 1939 urbes
652 1869 780 1938 rieiuee
798 1870 831 1936 iu
849 1869 1005 1956 Phrygis,
1027 1891 1168 1955 querum
1222 1869 1381 1940 ordinem.
1434 1872 1515 1940 Post
1546 1873 1791 1958 inscriptionem
1815 1873 1886 1942 sibi
1919 1872 2088 1954 usitttsm.
2125 1875 2198 1945 illos

189 1958 228 2026 iu
257 1957 320 2024 beo
344 1955 482 2042 epistole
502 1957 703 2024 mentionem
724 1956 803 2024 leoit
824 1955 966 2023 Peulus:
994 1955 1168 2042 Leodioee,
1221 1956 1385 2027 leudeudo
1400 1960 1591 2027 etteutiorss
1604 1957 1647 2025 sd
1661 1958 1906 2027 seeudieudum
1918 1959 2036 2028 reddit.
2068 1959 2198 2031 Deinde

190 2041 390 2128 Hierspolis,
419 2051 453 2110 et
474 2040 646 2111 Ouioseee:
665 2062 759 2195 ὅου
784 2040 846 2110 sub
868 2042 1006 2128 imperio
1026 2042 1169 2110 Neronis
1221 2053 1258 2109 ut
1286 2045 1382 2114 noris
1409 2044 1561 2113 omnibus
1586 2044 1756 2113 stelionis
1777 2047 1972 2113 oommentis
1993 2051 2080 2114 rism
2102 2068 2197 2132 pree·

189 2136 299 2196 terroe
326 2138 418 2195 motu
446 2127 637 2214 eoueidimr,
697 2127 803 2194 rusius
830 2129 925 2196 testis
946 2137 1007 2196 est.
1050 2127 1168 2214 Iteque
1219 2128 1340 2210 eludet,
1362 2130 1589 2199 testimouium
1611 2128 1778 2198 doetriuso
1799 2129 1918 2213 reddit,
1960 2152 2037 2199 usm
2055 2130 2097 2199 eb
2111 2134 2197 2221 ilpe-

191 2237 259 2283 nou
281 2214 385 2281 multo
402 2221 475 2299 pust
503 2213 659 2298 seriptum
676 2213 847 2298 epistolem
868 2214 1016 2281 luotuoso
1033 2213 1169 2300 perinde
1219 2214 1303 2299 pbre
1355 2218 1423 2285 rius
1451 2225 1652 2302 reoepereut.
1695 2214 1816 2284 Posteu
1844 2214 1922 2283 dum
1939 2153 2021 2285 lusi
2042 2238 2197 2304 eugmeu·

189 2321 230 2370 ee
258 2298 408 2368 horribili
436 2321 513 2367 oeeu
535 2310 612 2367 tres
639 2298 783 2367 eelebree
810 2299 965 2368 eoelesiee
990 2300 1167 2385 perierunt.
1221 2313 1291 2368 tum
1313 2237 1380 2369 isis
1401 2313 1554 2388 preoetur
1575 2302 1766 2382 eDomiuo,
1787 2303 1895 2369 innuit
1916 2303 2025 2370 edbuo
2042 2305 2196 2372 nonnihil

191 2383 328 2472 Insigne
356 2386 482 2454 seilioet
510 2384 614 2452 divini
640 2384 752 2453 iudieii
784 2385 966 2470 speeulum:
1007 2384 1168 2470 siquidem
1221 2386 1287 2454 illis
1308 2388 1436 2456 deesse:
1458 2397 1496 2456 ut
1516 2388 1578 2455 sibi
1597 2388 1684 2455 viem
1706 2397 1834 2455 sternet
1854 2387 1896 2454 ed
1918 2388 2095 2455 firmiorem
2113 2401 2198 2458 uete-

192 2470 287 2540 nobie
309 2473 395 2541 oouli
417 2493 484 2538 non
506 2471 667 2539 deessent.
705 2469 916 2540 colossenses
937 2491 1004 2537 nou
1026 2471 1169 2539 ePeulo
1221 2473 1345 2541 obesiu.
1386 2476 1439 2540 Ex
1461 2472 1599 2541 edverw
1620 2472 1768 2540 divinem
1789 2493 1869 2559 erge
1888 2495 1945 2541 eos
1965 2474 2106 2560 pretium
2127 2477 2197 2544 suis

192 2558 333 2644 quidem,
353 2556 494 2624 fideliter
517 2567 626 2624 temen
646 2562 681 2625 et
700 2578 783 2642 pure
803 2557 845 2624 eb
862 2557 1020 2644 llpephre
1042 2566 1076 2624 et
1097 2556 1170 2625 eliis
1221 2557 1334 2642 elogiis
1368 2559 1543 2643 preediest,
1575 2579 1618 2626 ue
1650 2579 1723 2625 eum
1756 2560 1982 2645 perviieoiont
2037 2559 2198 2645 Sequitur

191 2643 352 2711 ministris
373 2644 517 2710 instituti
539 2645 672 2710 luerent
692 2645 727 2710 iu
745 2664 827 2711 even
871 2643 924 2710 lio.
961 2643 1087 2710 Verum
1104 2652 1168 2710 ste·
1221 2646 1409 2722 oeteeheeie‚
1439 2649 1473 2712 iu
1503 2667 1567 2730 que
1596 2665 1709 2712 omnes
1738 2646 1853 2712 solutis
1875 2653 2007 2713 nostres
2029 2657 2138 2731 portes
2159 2648 2195 2713 iu

192 2730 254 2797 tim
275 2750 352 2797 eum
373 2731 442 2797 suis
463 2730 597 2796 sireniis
619 2731 809 2814 obrepseret
854 2738 941 2808 eteu¹
964 2751 1023 2812 pro
1041 2728 1169 2796 solenni
1222 2730 1289 2797 solo
1308 2729 1441 2799 Obristo
1460 2733 1543 2798 situs
1556 2752 1628 2798 esse
1646 2730 1755 2798 donet:
1779 2730 1914 2815 nequid
1932 2730 2010 2799 olibi
2027 2738 2197 2816 queereut.

190 2825 818 2985 timiditullutt‘tttt
839 2814 1021 2967 lititt
1035 2836 1169 2985 itit·
1219 2815 2200 2988 buttitliffiltt'tblibituiti&

191 2986 248 3072 qui
285 2985 445 3053 sbduoere
481 2994 649 3054 tonterent
681 2984 890 3055 colossenses
926 2986 967 3052 eb
1003 2949 1168 3072 evengelil
1220 2998 1362 3054 tremum
1395 2951 1560 3056 studoeut’.
1610 2992 1660 3056 Ae
1688 3007 1766 3055 seue
1796 2989 1847 3055 vel
1876 3009 1980 3055 uuum
2010 2989 2072 3055 boo
2099 2998 2199 3075 eeput

192 3072 347 3158 puritete.
383 3071 474 3140 Hine
495 3073 583 3140 enim
606 3070 816 3158 philosophos
839 3072 880 3138 de
901 3072 1008 3152 ostris,
1032 3071 1072 3138 de
1089 3073 1166 3153 feto,
1219 3072 1348 3140 ebuude
1369 3075 1501 3154 suffieit,
1525 3084 1561 3140 ut
1582 3073 1753 3159 epistolem
1776 3073 1870 3153 hene,
1892 3074 2105 3159 quantumvis
2126 3076 2198 3142 bre·

190 3163 227 3226 et
246 3157 407 3226 similibus
428 3159 526 3244 nugis
547 3158 763 3244 disputeudo:
784 3155 923 3225 Iudueos
945 3169 1055 3225 eutem
1077 3157 1168 3226 illino
1219 3181 1306 3242 vem,
1323 3159 1503 3228 bebeemus
1520 3163 1625 3228 inetur
1641 3160 1906 3245 iuoomperebilis
1920 3160 2077 3228 thesauri.
2105 3158 2197 3244 Quid

189 3264 269 3313 sues
284 3246 507 3314 oeeremouies
524 3244 684 3330 urgendo,
700 3244 821 3311 multer
839 3243 974 3311 nebulus
992 3242 1169 3310 obduxisse
1220 3246 1305 3311 enim
1325 3247 1362 3312 in
1385 3255 1455 3312 tote
1471 3247 1604 3314 eoelesti
1622 3244 1770 3312 doetriue
1788 3246 1893 3313 meins
1909 3266 2008 3330 quem
2023 3245 2195 3314 Christum

189 3350 274 3416 quoe
306 3329 475 3398 Ohristum
507 3332 694 3399 obruerent.
744 3327 812 3399 Sed
844 3331 900 3414 qui
931 3330 979 3396 its
1011 3332 1167 3410 sentiunt,
1220 3331 1341 3398 hebere
1369 3332 1525 3418 grepbioe
1554 3331 1735 3414 deplutum:
1765 3340 1803 3399 nt
1830 3333 1900 3399 eius
1929 3333 2095 3412 viantem,
2123 3331 2197 3400 effi·

190 3428 367 3485 moventur
394 3417 492 3484 nimis
514 3417 580 3483 levi
602 3417 805 3484 uouisoture:
834 3415 913 3500 quie
934 3414 1057 3484 soilioet
1077 3415 1166 3482 Peu·
1218 3417 1315 3495 oium,
1336 3427 1371 3484 et
1390 3436 1506 3485 omues
1549 3418 1584 3484 ui
1606 3416 1707 3483 obeo
1730 3417 1824 3485 uobis
1844 3420 2042 3501 proveniunt
2060 3420 2196 3504 iruotus,

189 3500 244 3568 lus
270 3501 312 3567 de
334 3501 473 3585 thronis,
501 3514 535 3569 et
557 3499 782 3586 potestetibns,
812 3513 845 3568 et
865 3501 1058 3568 ooelestibus
1080 3522 1166 3567 oreu-
1219 3505 1403 3589 perspioere
1430 3439 1548 3571 liuenti
1592 3504 1680 3570 Nem
1709 3511 1743 3569 et
1765 3504 1827 3571 hoo
1848 3504 1993 3579 mexime
2014 3525 2080 3571 uuo
2101 3505 2195 3572 diffe-

190 3588 274 3655 turis
307 3588 464 3654 meminit.
518 3587 603 3654 Nem
637 3587 724 3672 qued
756 3587 882 3654 eddunt
914 3590 1014 3654 etiem
1047 3608 1166 3653 nomeu
1219 3592 1323 3655 rimus
1354 3611 1374 3654 e
1406 3590 1550 3674 pepistiu
1582 3589 1671 3673 quud
1701 3609 1802 3674 quum
1832 3591 1962 3672 utrique
1991 3592 2196 3657 nominemur

189 3671 438 3755 elementorum,
469 3674 643 3758 plusquem
674 3672 850 3740 ridiuulum
880 3683 940 3738 est.
992 3671 1058 3740 Sed
1091 3676 1167 3756 quie
1219 3673 1411 3760 Obristieni,
1434 3697 1472 3742 eo
1494 3677 1707 3758 profiteemur
1727 3696 1787 3740 nos
1809 3675 1843 3741 iu
1861 3673 2033 3742 Obristum
2050 3675 2195 3761 eredere,

189 3759 273 3825 miti
295 3758 432 3825 eliorum
451 3759 622 3844 opiniones
639 3759 788 3825 refellere
804 3780 871 3824 nou
888 3771 938 3826 est
956 3759 1165 3844 propositum,
1217 3759 1267 3827 illi
1295 3762 1356 3828 sibi
1386 3763 1516 3846 lingunt
1543 3760 1697 3840 leoerum,
1731 3759 1961 3845 delormetum,
1989 3761 2195 3827 exiusuitum

189 3854 320 3911 tentum
350 3844 455 3911 diuum
483 3843 560 3929 quid
589 3845 670 3910 mihi
692 3843 854 3922 ridentur,
888 3858 922 3910 et
950 3844 1036 3928 qnod
1064 3846 1165 3912 firmis
1217 3848 1429 3927 sustinete,
1456 3846 1842 3915 ofdeiosuoundstum:
1872 3846 2011 3930 denique
2033 3848 2133 3913 telem
2155 3855 2195 3913 ut

189 3929 371 3997 retionibus
398 3930 473 3998 lieet
502 3929 665 4015 eolligere.
714 3929 864 3997 Primum
893 3931 974 3996 setis
1003 3941 1095 4014 petet
1123 3952 1164 3996 ex
1188 3933 1194 4072 p
1217 3933 1324 4015 potius
1344 3943 1507 4017 speotrum
1530 3934 1583 4011 sit,
1606 3952 1704 4016 quem
1722 3931 1876 4000 Oluristus
1896 3932 1983 4017 ipse:
2005 3951 2065 3998 uos
2084 3942 2194 3999 eutem

187 4013 297 4082 Peuli.
322 4015 445 4101 verbis,
486 4018 521 4083 in
564 4017 626 4083 boo
661 4015 761 4083 inme
798 4014 975 4082 nebulones
1012 4018 1091 4083 istos
1128 4029 1165 4081 ut
1217 4019 1455 4103 empleutimur‚
1483 4017 1589 4102 quelis
1611 4017 1665 4084 bie
1687 4016 1880 4084 deseribitur
1900 4036 1921 4083 e
1941 4015 2059 4100 Peulo,
2081 4018 2195 4086 rivum

189 4098 360 4169 Christum
389 4123 465 4169 oum
487 4103 580 4168 Mose
609 4103 794 4182 minuerent,
822 4114 857 4169 et
884 4122 950 4167 une
972 4122 1045 4168 oum
1067 4123 1164 4168 eveu-
1216 4103 1341 4172 soilieet
1367 4124 1405 4171 oo
1432 4105 1607 4171 efdoeoem.
1651 4102 1777 4187 Iteqne,
1805 4112 1844 4170 nt
1864 4123 1931 4170 uuo
1952 4103 2055 4170 verbo
2077 4103 2193 4183 diuum,

187 4186 275 4340 ἓξ
304 4188 485 4254 retinerent
512 4185 595 4273 legis
621 4185 773 4255 umbros:
806 4186 893 4254 unde
922 4188 1087 4272 prebebile
1115 4200 1166 4255 est
1217 4210 1333 4257 rerum
1361 4189 1531 4257 Christum
1559 4189 1642 4256 hese
1670 4187 1806 4271 epistole
1835 4189 1996 4256 efietitio
2025 4187 2192 4256 disoernit.

226 4273 235 4289 '
270 4272 463 4340 eludeeos.
507 4273 595 4355 Quin
624 4285 735 4340 entem
763 4273 918 4358 speeiesis
945 4274 1028 4341 lueis
1048 4274 1165 4360 pinge·
1217 4275 1294 4358 Quo
1324 4275 1406 4342 nihil
1435 4281 1498 4344 nee
1526 4275 1652 4355 melius,
1682 4296 1743 4343 nee
1772 4276 1993 4359 preesteutius
2015 4272 2194 4342 desiderari

189 4357 270 4426 tent
282 4379 361 4426 sues
375 4359 535 4428 inunum:
550 4358 625 4427 ideo
635 4357 761 4460 l'eulus
774 4362 914 4460 iuuenem·
922 4359 1164 4460 philosophiam
1218 4371 1333 4445 potest.
1378 4361 1474 4430 Oiroe
1503 4363 1600 4463 linem
1623 4362 1727 4463 'primi
1756 4361 1872 4463 ospitis
1898 4362 2109 4461 euteritetem
2130 4359 2193 4464 sibi

189 4442 719 4632 deluderetur
732 4443 1166 4632 luidoldus
1218 4447 2192 4633 urusuuuusurusulum

189 4613 264 4682 tiles
295 4614 370 4684 ntes
399 4616 544 4703 quidem,
575 4617 632 4686 sed
661 4628 771 4685 temen
799 4616 910 4685 lutilos
938 4625 973 4685 et
1002 4619 1165 4703 proieues.
1217 4619 1337 4686 elerius
1351 4616 2058 4705 operitquembebuerrtsorsbeudrosusem:
2072 4638 2148 4683 nem

190 4699 329 4768 Aditum
356 4704 447 4770 euim
473 4703 516 4771 sd
544 4701 654 4771 Deum
682 4724 742 4805 per
766 4704 902 4788 snpelos
940 4705 1164 4772 eomminieoe·
1218 4716 1257 4771 ut
1273 4714 1459 4773 oeeurreret
1475 4705 1618 4789 perienlo
1635 4704 1722 4789 quod
1740 4702 1807 4769 illis
1821 4704 1945 4770 iustere
1967 4702 2113 4770 ridebst:
2136 4702 2192 4768 ui

190 4785 322 4871 buntur,
343 4797 377 4856 et
392 4789 514 4857 multus
531 4789 693 4858 eiusmodi
708 4789 945 4875 speonletioues
961 4790 1164 4876 ingerebsut,
1217 4789 1258 4856 de
1279 4812 1338 4858 suo
1360 4811 1439 4876 erge
1460 4811 1515 4857 eos
1537 4811 1649 4857 umore
1671 4791 1777 4856 obiter
1798 4796 1934 4856 trwtet:
1956 4797 1994 4854 ut
2077 4795 2192 4854 meent

187 4872 303 4958 quoles
323 4875 474 4944 inlibris
494 4873 582 4944 Dion
608 4875 650 4944 sii
671 4876 712 4943 de
733 4875 864 4944 ooelesti
883 4875 1068 4944 hierurohie
1089 4897 1165 4944 oon·
1216 4897 1310 4943 suem
1339 4876 1480 4942 sulutem
1510 4876 1557 4941 illi
1580 4895 1678 4943 eures
1699 4895 1781 4942 esse.
1823 4873 1969 4943 indeed
2057 4872 2191 4941 ortetio·

187 4958 347 5045 tinentur,
369 4983 411 5029 ex
431 4961 585 5030 seboleP
618 4962 800 5031 touiuorum
818 4960 967 5029 hunum
1001 4961 1068 5030 Hie
1084 4983 1164 5048 ergo
1216 4983 1291 5029 uem
1324 4963 1451 5043 treusit,
1483 4983 1546 5045 que
1577 4963 1777 5045 superiorem
1810 4959 1992 5028 doetriuem
2024 4957 2119 5045 quusi
2147 4959 2188 5026 sd

162 5119 164 5122 Α
185 5064 305 5130 soopue
326 5058 376 5116 est
397 5049 592 5134 prseeipuus
612 5048 654 5115 ed
671 5068 769 5134 quem
787 5047 904 5129 tendit,
926 5057 963 5114 ut
979 5049 1015 5113 in
1033 5045 1163 5115 cbristo
1215 5061 1420 5132 pressentem
1449 5067 1547 5114 nsum
1572 5046 1809 5114 eooommudet:
1838 5067 1914 5112 uem
1937 5057 1972 5113 et
1991 5045 2082 5113 iubet
2103 5043 2190 5132 ipsos

185 5135 299 5202 omniu
320 5155 391 5203 esse
408 5133 538 5202 dooeet:
559 5133 696 5220 ideoque
712 5135 821 5220 ipsum
839 5155 941 5201 uuum
956 5135 1038 5201 sens
1051 5155 1162 5219 super·
1214 5134 1249 5199 in
1280 5132 1350 5200 solo
1379 5132 1513 5199 Christo
1540 5133 1776 5287 sunguieeoeru
1807 5140 1841 5200 et
1868 5132 2025 5200 renitetie
2056 5130 2191 5198 demunt

183 5235 252 5302 que
278 5220 395 5290 debere
417 5242 488 5290 esse
510 5219 768 5290 Colossensibus.
811 5219 938 5287 Verum
961 5222 1050 5289 huno
1072 5225 1162 5287 tenet
1215 5218 1371 5305 quidquid
1399 5229 1450 5287 est
1476 5229 1571 5286 extre
1629 5219 1780 5288 hristum.
1828 5216 2027 5288 Nomiuetim
2058 5214 2098 5283 de
2127 5218 2190 5285 oir-
