<?xml version="1.0" encoding="UTF-8"?>
<!DOCTYPE html PUBLIC "-//W3C//DTD XHTML 1.0 Transitional//EN"
    "http://www.w3.org/TR/xhtml1/DTD/xhtml1-transitional.dtd">
<html xmlns="http://www.w3.org/1999/xhtml" xml:lang="en" lang="en">
 <head>
  <title>
</title>
<meta http-equiv="Content-Type" content="text/html;charset=utf-8" />
  <meta name='ocr-system' content='tesseract 3.04.00' />
  <meta name='ocr-capabilities' content='ocr_page ocr_carea ocr_par ocr_line ocrx_word'/>
</head>
<body>
  <div class='ocr_page' id='page_1' title='image "./ioanniscalvinio00calvgoog_0611.png"; bbox 0 0 4762 6016; ppageno 0'>
   <div class='ocr_carea' id='block_1_1' title="bbox 185 349 2195 422">
    <p class='ocr_par' dir='ltr' id='par_1_1' title="bbox 185 349 2195 422">
     <span class='ocr_line' id='line_1_1' title="bbox 185 349 2195 422; baseline 0.002 -5"><span class='ocrx_word' id='word_1_1' title='bbox 185 354 248 418; x_wconf 85' lang='lat'><strong>431</strong></span> <span class='ocrx_word' id='word_1_2' title='bbox 910 349 1054 416; x_wconf 76' lang='lat' dir='ltr'><strong>EPIST.</strong></span> <span class='ocrx_word' id='word_1_3' title='bbox 1078 350 1220 416; x_wconf 80' lang='lat' dir='ltr'>PAULI</span> <span class='ocrx_word' id='word_1_4' title='bbox 1242 351 1307 418; x_wconf 82' lang='lat' dir='ltr'><strong>AD</strong></span> <span class='ocrx_word' id='word_1_5' title='bbox 1330 351 1473 418; x_wconf 77' lang='grc' dir='ltr'><strong>ΤΙΤΠΜ</strong></span> <span class='ocrx_word' id='word_1_6' title='bbox 2128 357 2195 422; x_wconf 84' lang='grc'><strong>432</strong></span> 
     </span>
    </p>
   </div>
   <div class='ocr_carea' id='block_1_2' title="bbox 185 543 2255 5358">
    <p class='ocr_par' dir='ltr' id='par_1_2' title="bbox 185 543 2255 5358">
     <span class='ocr_line' id='line_1_2' title="bbox 186 543 2194 635; baseline 0 -19"><span class='ocrx_word' id='word_1_7' title='bbox 186 551 264 635; x_wconf 87' lang='lat' dir='ltr'><strong>quia</strong></span> <span class='ocrx_word' id='word_1_8' title='bbox 285 547 483 634; x_wconf 78' lang='lat' dir='ltr'><strong>principium</strong></span> <span class='ocrx_word' id='word_1_9' title='bbox 506 545 588 609; x_wconf 91' lang='lat' dir='ltr'><strong>illud</strong></span> <span class='ocrx_word' id='word_1_10' title='bbox 611 545 721 610; x_wconf 90' lang='lat' dir='ltr'><strong>valere</strong></span> <span class='ocrx_word' id='word_1_11' title='bbox 737 543 832 609; x_wconf 90' lang='lat' dir='ltr'><strong>debet</strong></span> <span class='ocrx_word' id='word_1_12' title='bbox 847 546 933 609; x_wconf 90' lang='lat' dir='ltr'><strong>inter</strong></span> <span class='ocrx_word' id='word_1_13' title='bbox 948 546 1030 628; x_wconf 91' lang='lat' dir='ltr'><strong>pios,</strong></span> <span class='ocrx_word' id='word_1_14' title='bbox 1055 543 1163 610; x_wconf 89' lang='lat' dir='ltr'><strong>Deum</strong></span> <span class='ocrx_word' id='word_1_15' title='bbox 1216 547 1300 611; x_wconf 87' lang='lat' dir='ltr'><strong>ritus</strong></span> <span class='ocrx_word' id='word_1_16' title='bbox 1322 548 1505 629; x_wconf 70' lang='lat' dir='ltr'><strong>participes,</strong></span> <span class='ocrx_word' id='word_1_17' title='bbox 1528 546 1585 629; x_wconf 91' lang='lat' dir='ltr'><strong>qui</strong></span> <span class='ocrx_word' id='word_1_18' title='bbox 1607 546 1791 630; x_wconf 87' lang='lat' dir='ltr'><strong>adoptionis</strong></span> <span class='ocrx_word' id='word_1_19' title='bbox 1813 553 1945 613; x_wconf 87' lang='lat' dir='ltr'><strong>nostrae</strong></span> <span class='ocrx_word' id='word_1_20' title='bbox 1968 548 2068 615; x_wconf 90' lang='lat' dir='ltr'><strong>arrha</strong></span> <span class='ocrx_word' id='word_1_21' title='bbox 2090 563 2194 616; x_wconf 92' lang='lat' dir='ltr'><strong>estet</strong></span> 
     </span>
     <span class='ocr_line' id='line_1_3' title="bbox 187 629 2255 715; baseline 0 -13"><span class='ocrx_word' id='word_1_22' title='bbox 187 656 254 703; x_wconf 93' lang='lat' dir='ltr'><strong>non</strong></span> <span class='ocrx_word' id='word_1_23' title='bbox 282 632 432 699; x_wconf 91' lang='lat' dir='ltr'><strong>inanibus</strong></span> <span class='ocrx_word' id='word_1_24' title='bbox 461 629 631 696; x_wconf 87' lang='lat' dir='ltr'><strong>nobiseum</strong></span> <span class='ocrx_word' id='word_1_25' title='bbox 660 631 775 714; x_wconf 87' lang='lat' dir='ltr'><strong>figuris</strong></span> <span class='ocrx_word' id='word_1_26' title='bbox 804 631 926 709; x_wconf 90' lang='lat' dir='ltr'><strong>ludere,</strong></span> <span class='ocrx_word' id='word_1_27' title='bbox 955 630 1013 695; x_wconf 93' lang='lat' dir='ltr'><strong>sed</strong></span> <span class='ocrx_word' id='word_1_28' title='bbox 1042 632 1164 696; x_wconf 91' lang='lat' dir='ltr'><strong>virtute</strong></span> <span class='ocrx_word' id='word_1_29' title='bbox 1217 632 1319 697; x_wconf 88' lang='lat' dir='ltr'><strong>testis.</strong></span> <span class='ocrx_word' id='word_1_30' title='bbox 1363 630 1470 698; x_wconf 89' lang='lat' dir='ltr'><strong>Dooet</strong></span> <span class='ocrx_word' id='word_1_31' title='bbox 1495 634 1606 715; x_wconf 84' lang='lat' dir='ltr'><strong>itaque</strong></span> <span class='ocrx_word' id='word_1_32' title='bbox 1632 631 1756 699; x_wconf 89' lang='lat' dir='ltr'><strong>Paulus</strong></span> <span class='ocrx_word' id='word_1_33' title='bbox 1786 633 1847 700; x_wconf 89' lang='lat' dir='ltr'><strong>hoo</strong></span> <span class='ocrx_word' id='word_1_34' title='bbox 1876 633 1986 711; x_wconf 86' lang='lat' dir='ltr'><strong>verbo,</strong></span> <span class='ocrx_word' id='word_1_35' title='bbox 2017 654 2084 699; x_wconf 91' lang='lat' dir='ltr'><strong>non</strong></span> <span class='ocrx_word' id='word_1_36' title='bbox 2114 636 2195 704; x_wconf 91' lang='lat' dir='ltr'><strong>alios</strong></span> <span class='ocrx_word' id='word_1_37' title='bbox 2251 687 2255 694; x_wconf 85' lang='lat'>.</span> 
     </span>
     <span class='ocr_line' id='line_1_4' title="bbox 186 715 2195 803; baseline -0 -16"><span class='ocrx_word' id='word_1_38' title='bbox 186 741 246 788; x_wconf 89' lang='lat' dir='ltr'><strong>sna</strong></span> <span class='ocrx_word' id='word_1_39' title='bbox 267 721 357 785; x_wconf 90' lang='lat' dir='ltr'><strong>intus</strong></span> <span class='ocrx_word' id='word_1_40' title='bbox 379 727 545 801; x_wconf 87' lang='lat' dir='ltr'><strong>praestare</strong></span> <span class='ocrx_word' id='word_1_41' title='bbox 567 716 654 799; x_wconf 89' lang='lat' dir='ltr'><strong>qnod</strong></span> <span class='ocrx_word' id='word_1_42' title='bbox 676 725 815 781; x_wconf 90' lang='lat' dir='ltr'><strong>externo</strong></span> <span class='ocrx_word' id='word_1_43' title='bbox 835 717 929 800; x_wconf 89' lang='lat' dir='ltr'><strong>signo</strong></span> <span class='ocrx_word' id='word_1_44' title='bbox 952 716 1163 782; x_wconf 92' lang='lat' dir='ltr'><strong>demonstrat.</strong></span> <span class='ocrx_word' id='word_1_45' title='bbox 1216 715 1333 782; x_wconf 92' lang='lat' dir='ltr'><strong>donari</strong></span> <span class='ocrx_word' id='word_1_46' title='bbox 1355 718 1473 800; x_wconf 90' lang='lat' dir='ltr'><strong>spiritu</strong></span> <span class='ocrx_word' id='word_1_47' title='bbox 1488 719 1757 802; x_wconf 78' lang='lat' dir='ltr'><strong>regenerationis,</strong></span> <span class='ocrx_word' id='word_1_48' title='bbox 1779 739 1879 802; x_wconf 91' lang='lat' dir='ltr'><strong>quam</strong></span> <span class='ocrx_word' id='word_1_49' title='bbox 1895 721 1950 803; x_wconf 86' lang='lat' dir='ltr'><strong>qui</strong></span> <span class='ocrx_word' id='word_1_50' title='bbox 1972 731 2052 786; x_wconf 90' lang='lat' dir='ltr'><strong>sunt</strong></span> <span class='ocrx_word' id='word_1_51' title='bbox 2067 720 2195 788; x_wconf 77' lang='lat' dir='ltr'><strong>Christi</strong></span> 
     </span>
     <span class='ocr_line' id='line_1_5' title="bbox 186 802 1373 889; baseline -0.004 -18"><span class='ocrx_word' id='word_1_52' title='bbox 186 807 300 889; x_wconf 78' lang='lat' dir='ltr'><strong>Quare</strong></span> <span class='ocrx_word' id='word_1_53' title='bbox 322 804 502 886; x_wconf 73' lang='lat' dir='ltr'><strong>baptismus</strong></span> <span class='ocrx_word' id='word_1_54' title='bbox 523 813 739 886; x_wconf 88' lang='lat' dir='ltr'><strong>oongruenter</strong></span> <span class='ocrx_word' id='word_1_55' title='bbox 763 813 795 867; x_wconf 95' lang='lat' dir='ltr'><strong>et</strong></span> <span class='ocrx_word' id='word_1_56' title='bbox 822 823 900 867; x_wconf 85' lang='lat' dir='ltr'><strong>vere</strong></span> <span class='ocrx_word' id='word_1_57' title='bbox 922 802 1090 867; x_wconf 76' lang='lat' dir='ltr'><strong>lavacrum</strong></span> <span class='ocrx_word' id='word_1_58' title='bbox 1112 823 1162 867; x_wconf 92' lang='lat' dir='ltr'><strong>re·</strong></span> <span class='ocrx_word' id='word_1_59' title='bbox 1216 803 1373 869; x_wconf 89' lang='lat' dir='ltr'><strong>membra.</strong></span> 
     </span>
     <span class='ocr_line' id='line_1_6' title="bbox 185 885 2196 978; baseline 0.001 -21"><span class='ocrx_word' id='word_1_60' title='bbox 185 890 407 978; x_wconf 80' lang='lat' dir='ltr'><strong>generationis</strong></span> <span class='ocrx_word' id='word_1_61' title='bbox 430 888 557 954; x_wconf 84' lang='lat' dir='ltr'><strong>dieitur.</strong></span> <span class='ocrx_word' id='word_1_62' title='bbox 603 886 679 952; x_wconf 88' lang='lat' dir='ltr'><strong>Vim</strong></span> <span class='ocrx_word' id='word_1_63' title='bbox 707 899 739 953; x_wconf 91' lang='lat' dir='ltr'><strong>et</strong></span> <span class='ocrx_word' id='word_1_64' title='bbox 760 908 857 954; x_wconf 90' lang='lat' dir='ltr'><strong>usum</strong></span> <span class='ocrx_word' id='word_1_65' title='bbox 883 897 1163 953; x_wconf 77' lang='lat' dir='ltr'><strong>sacramentorum</strong></span> <span class='ocrx_word' id='word_1_66' title='bbox 1303 888 1333 953; x_wconf 81' lang='lat' dir='ltr'><strong>l.</strong></span> <span class='ocrx_word' id='word_1_67' title='bbox 1363 885 1404 955; x_wconf 87' lang='lat' dir='ltr'><strong>Ut</strong></span> <span class='ocrx_word' id='word_1_68' title='bbox 1423 888 1595 970; x_wconf 68' lang='lat' dir='ltr'><strong>iustificati.</strong></span> <span class='ocrx_word' id='word_1_69' title='bbox 1639 887 1679 955; x_wconf 83' lang='lat' dir='ltr'><strong>Si</strong></span> <span class='ocrx_word' id='word_1_70' title='bbox 1706 891 1988 973; x_wconf 82' lang='lat' dir='ltr'><strong>regenerationem</strong></span> <span class='ocrx_word' id='word_1_71' title='bbox 2017 892 2196 975; x_wconf 89' lang='lat' dir='ltr'><strong>aooipimus</strong></span> 
     </span>
     <span class='ocr_line' id='line_1_7' title="bbox 185 973 2195 1060; baseline 0 -15"><span class='ocrx_word' id='word_1_72' title='bbox 185 977 325 1045; x_wconf 87' lang='lat' dir='ltr'><strong>reeteis</strong></span> <span class='ocrx_word' id='word_1_73' title='bbox 352 973 478 1040; x_wconf 90' lang='lat' dir='ltr'><strong>tenebit</strong></span> <span class='ocrx_word' id='word_1_74' title='bbox 506 975 561 1058; x_wconf 91' lang='lat' dir='ltr'><strong>qui</strong></span> <span class='ocrx_word' id='word_1_75' title='bbox 589 994 660 1039; x_wconf 86' lang='lat' dir='ltr'><strong>rem</strong></span> <span class='ocrx_word' id='word_1_76' title='bbox 689 983 722 1039; x_wconf 93' lang='lat' dir='ltr'><strong>et</strong></span> <span class='ocrx_word' id='word_1_77' title='bbox 747 973 879 1058; x_wconf 89' lang='lat' dir='ltr'><strong>signum</strong></span> <span class='ocrx_word' id='word_1_78' title='bbox 909 975 957 1039; x_wconf 92' lang='lat' dir='ltr'><strong>ita</strong></span> <span class='ocrx_word' id='word_1_79' title='bbox 984 981 1164 1053; x_wconf 87' lang='lat' dir='ltr'><strong>nonneotet,</strong></span> <span class='ocrx_word' id='word_1_80' title='bbox 1217 975 1349 1057; x_wconf 90' lang='lat' dir='ltr'><strong>proprio</strong></span> <span class='ocrx_word' id='word_1_81' title='bbox 1383 985 1417 1039; x_wconf 92' lang='lat' dir='ltr'><strong>et</strong></span> <span class='ocrx_word' id='word_1_82' title='bbox 1449 975 1569 1040; x_wconf 88' lang='lat' dir='ltr'><strong>usitato</strong></span> <span class='ocrx_word' id='word_1_83' title='bbox 1602 994 1716 1058; x_wconf 89' lang='lat' dir='ltr'><strong>sensu,</strong></span> <span class='ocrx_word' id='word_1_84' title='bbox 1750 976 1856 1042; x_wconf 89' lang='lat' dir='ltr'><strong>videri</strong></span> <span class='ocrx_word' id='word_1_85' title='bbox 1887 987 1995 1060; x_wconf 91' lang='lat' dir='ltr'><strong>posset</strong></span> <span class='ocrx_word' id='word_1_86' title='bbox 2028 980 2195 1060; x_wconf 88' lang='lat' dir='ltr'><strong>apostolus</strong></span> 
     </span>
     <span class='ocr_line' id='line_1_8' title="bbox 186 1059 2196 1148; baseline 0 -19"><span class='ocrx_word' id='word_1_87' title='bbox 186 1075 224 1130; x_wconf 90' lang='lat' dir='ltr'><strong>ut</strong></span> <span class='ocrx_word' id='word_1_88' title='bbox 252 1065 384 1148; x_wconf 89' lang='lat' dir='ltr'><strong>signum</strong></span> <span class='ocrx_word' id='word_1_89' title='bbox 412 1081 481 1126; x_wconf 91' lang='lat' dir='ltr'><strong>non</strong></span> <span class='ocrx_word' id='word_1_90' title='bbox 510 1061 608 1126; x_wconf 88' lang='lat' dir='ltr'><strong>faeiat</strong></span> <span class='ocrx_word' id='word_1_91' title='bbox 641 1060 738 1125; x_wconf 89' lang='lat' dir='ltr'><strong>inane</strong></span> <span class='ocrx_word' id='word_1_92' title='bbox 771 1069 829 1125; x_wconf 93' lang='lat' dir='ltr'><strong>aut</strong></span> <span class='ocrx_word' id='word_1_93' title='bbox 861 1059 1026 1124; x_wconf 86' lang='lat' dir='ltr'><strong>ineffioax:</strong></span> <span class='ocrx_word' id='word_1_94' title='bbox 1060 1079 1165 1142; x_wconf 87' lang='lat' dir='ltr'><strong>neque</strong></span> <span class='ocrx_word' id='word_1_95' title='bbox 1217 1059 1410 1125; x_wconf 89' lang='lat' dir='ltr'><strong>iustilieatos</strong></span> <span class='ocrx_word' id='word_1_96' title='bbox 1440 1080 1560 1142; x_wconf 89' lang='lat' dir='ltr'><strong>ponere</strong></span> <span class='ocrx_word' id='word_1_97' title='bbox 1587 1081 1646 1142; x_wconf 91' lang='lat' dir='ltr'><strong>pro</strong></span> <span class='ocrx_word' id='word_1_98' title='bbox 1667 1063 1884 1145; x_wconf 82' lang='lat' dir='ltr'><strong>regeneratis:</strong></span> <span class='ocrx_word' id='word_1_99' title='bbox 1915 1071 2013 1146; x_wconf 89' lang='lat' dir='ltr'><strong>atque</strong></span> <span class='ocrx_word' id='word_1_100' title='bbox 2043 1063 2107 1130; x_wconf 89' lang='lat' dir='ltr'><strong>hoo</strong></span> <span class='ocrx_word' id='word_1_101' title='bbox 2137 1065 2196 1131; x_wconf 92' lang='lat' dir='ltr'><strong>ali·</strong></span> 
     </span>
     <span class='ocr_line' id='line_1_9' title="bbox 186 1144 2196 1230; baseline -0.001 -15"><span class='ocrx_word' id='word_1_102' title='bbox 186 1161 299 1216; x_wconf 90' lang='lat' dir='ltr'><strong>tamen</strong></span> <span class='ocrx_word' id='word_1_103' title='bbox 320 1149 390 1214; x_wconf 88' lang='lat' dir='ltr'><strong>eius</strong></span> <span class='ocrx_word' id='word_1_104' title='bbox 419 1144 558 1212; x_wconf 90' lang='lat' dir='ltr'><strong>ornandi</strong></span> <span class='ocrx_word' id='word_1_105' title='bbox 579 1165 677 1211; x_wconf 86' lang='lat' dir='ltr'><strong>eausa</strong></span> <span class='ocrx_word' id='word_1_106' title='bbox 705 1145 837 1230; x_wconf 90' lang='lat' dir='ltr'><strong>spiritui</strong></span> <span class='ocrx_word' id='word_1_107' title='bbox 866 1154 980 1212; x_wconf 84' lang='lat' dir='ltr'><strong>saneto</strong></span> <span class='ocrx_word' id='word_1_108' title='bbox 1014 1145 1166 1210; x_wconf 87' lang='lat' dir='ltr'><strong>detrahat</strong></span> <span class='ocrx_word' id='word_1_109' title='bbox 1218 1144 1348 1228; x_wconf 89' lang='lat' dir='ltr'><strong>quando</strong></span> <span class='ocrx_word' id='word_1_110' title='bbox 1368 1146 1539 1230; x_wconf 86' lang='lat' dir='ltr'><strong>signifieat,</strong></span> <span class='ocrx_word' id='word_1_111' title='bbox 1560 1146 1618 1213; x_wconf 89' lang='lat' dir='ltr'><strong>sed</strong></span> <span class='ocrx_word' id='word_1_112' title='bbox 1639 1148 1754 1212; x_wconf 90' lang='lat' dir='ltr'><strong>rarius.</strong></span> <span class='ocrx_word' id='word_1_113' title='bbox 1798 1147 1899 1214; x_wconf 89' lang='lat' dir='ltr'><strong>Nulla</strong></span> <span class='ocrx_word' id='word_1_114' title='bbox 1921 1156 2034 1215; x_wconf 87' lang='lat' dir='ltr'><strong>tamen</strong></span> <span class='ocrx_word' id='word_1_115' title='bbox 2055 1149 2196 1217; x_wconf 86' lang='lat' dir='ltr'><strong>neoessi-</strong></span> 
     </span>
     <span class='ocr_line' id='line_1_10' title="bbox 186 1229 2196 1320; baseline 0.001 -20"><span class='ocrx_word' id='word_1_116' title='bbox 186 1234 276 1320; x_wconf 91' lang='lat' dir='ltr'><strong>qnod</strong></span> <span class='ocrx_word' id='word_1_117' title='bbox 305 1254 402 1299; x_wconf 87' lang='lat' dir='ltr'><strong>suum</strong></span> <span class='ocrx_word' id='word_1_118' title='bbox 428 1241 489 1298; x_wconf 90' lang='lat' dir='ltr'><strong>ast.</strong></span> <span class='ocrx_word' id='word_1_119' title='bbox 532 1232 679 1297; x_wconf 71' lang='lat' dir='ltr'><strong>Tametsi</strong></span> <span class='ocrx_word' id='word_1_120' title='bbox 709 1240 819 1296; x_wconf 89' lang='lat' dir='ltr'><strong>autem</strong></span> <span class='ocrx_word' id='word_1_121' title='bbox 849 1251 958 1314; x_wconf 88' lang='lat' dir='ltr'><strong>neque</strong></span> <span class='ocrx_word' id='word_1_122' title='bbox 985 1229 1165 1296; x_wconf 90' lang='lat' dir='ltr'><strong>abluuntur</strong></span> <span class='ocrx_word' id='word_1_123' title='bbox 1218 1240 1270 1297; x_wconf 91' lang='lat' dir='ltr'><strong>tas</strong></span> <span class='ocrx_word' id='word_1_124' title='bbox 1291 1230 1377 1316; x_wconf 91' lang='lat' dir='ltr'><strong>oogit</strong></span> <span class='ocrx_word' id='word_1_125' title='bbox 1399 1251 1419 1296; x_wconf 86' lang='lat' dir='ltr'><strong>a</strong></span> <span class='ocrx_word' id='word_1_126' title='bbox 1444 1232 1575 1315; x_wconf 91' lang='lat' dir='ltr'><strong>proprie</strong></span> <span class='ocrx_word' id='word_1_127' title='bbox 1601 1240 1634 1297; x_wconf 90' lang='lat' dir='ltr'><strong>et</strong></span> <span class='ocrx_word' id='word_1_128' title='bbox 1655 1253 1688 1297; x_wconf 94' lang='lat' dir='ltr'><strong>m</strong></span> <span class='ocrx_word' id='word_1_129' title='bbox 1735 1233 1763 1298; x_wconf 85' lang='lat' dir='ltr'><strong>‘s</strong></span> <span class='ocrx_word' id='word_1_130' title='bbox 1785 1234 1930 1317; x_wconf 86' lang='lat' dir='ltr'><strong>genuina</strong></span> <span class='ocrx_word' id='word_1_131' title='bbox 1957 1235 2196 1320; x_wconf 85' lang='lat' dir='ltr'><strong>signitioetione</strong></span> 
     </span>
     <span class='ocr_line' id='line_1_11' title="bbox 186 1315 2197 1405; baseline 0 -19"><span class='ocrx_word' id='word_1_132' title='bbox 186 1320 350 1405; x_wconf 90' lang='lat' dir='ltr'><strong>baptismo</strong></span> <span class='ocrx_word' id='word_1_133' title='bbox 371 1319 473 1400; x_wconf 92' lang='lat' dir='ltr'><strong>impii,</strong></span> <span class='ocrx_word' id='word_1_134' title='bbox 496 1337 603 1400; x_wconf 85' lang='lat' dir='ltr'><strong>neque</strong></span> <span class='ocrx_word' id='word_1_135' title='bbox 625 1326 837 1395; x_wconf 88' lang='lat' dir='ltr'><strong>renovantur,</strong></span> <span class='ocrx_word' id='word_1_136' title='bbox 862 1316 1076 1382; x_wconf 89' lang='lat' dir='ltr'><strong>nihilominus</strong></span> <span class='ocrx_word' id='word_1_137' title='bbox 1098 1316 1166 1381; x_wconf 93' lang='lat' dir='ltr'><strong>vim</strong></span> <span class='ocrx_word' id='word_1_138' title='bbox 1219 1315 1394 1383; x_wconf 89' lang='lat' dir='ltr'><strong>diseedere.</strong></span> <span class='ocrx_word' id='word_1_139' title='bbox 1439 1316 1622 1384; x_wconf 83' lang='lat' dir='ltr'><strong>(lonsilium</strong></span> <span class='ocrx_word' id='word_1_140' title='bbox 1643 1316 1740 1383; x_wconf 86' lang='lat' dir='ltr'><strong>Pani</strong></span> <span class='ocrx_word' id='word_1_141' title='bbox 1761 1329 1821 1399; x_wconf 90' lang='lat' dir='ltr'><strong>est,</strong></span> <span class='ocrx_word' id='word_1_142' title='bbox 1848 1318 2005 1403; x_wconf 89' lang='lat' dir='ltr'><strong>quidquid</strong></span> <span class='ocrx_word' id='word_1_143' title='bbox 2027 1342 2141 1389; x_wconf 90' lang='lat' dir='ltr'><strong>sumus</strong></span> <span class='ocrx_word' id='word_1_144' title='bbox 2162 1331 2197 1387; x_wconf 91' lang='lat' dir='ltr'><strong>et</strong></span> 
     </span>
     <span class='ocr_line' id='line_1_12' title="bbox 187 1399 2196 1490; baseline 0 -17"><span class='ocrx_word' id='word_1_145' title='bbox 187 1409 285 1473; x_wconf 90' lang='lat' dir='ltr'><strong>istam</strong></span> <span class='ocrx_word' id='word_1_146' title='bbox 314 1405 401 1488; x_wconf 91' lang='lat' dir='ltr'><strong>quod</strong></span> <span class='ocrx_word' id='word_1_147' title='bbox 431 1402 472 1468; x_wconf 90' lang='lat' dir='ltr'><strong>ad</strong></span> <span class='ocrx_word' id='word_1_148' title='bbox 494 1403 604 1469; x_wconf 90' lang='lat' dir='ltr'><strong>Deum</strong></span> <span class='ocrx_word' id='word_1_149' title='bbox 633 1403 771 1470; x_wconf 87' lang='lat' dir='ltr'><strong>retinet:</strong></span> <span class='ocrx_word' id='word_1_150' title='bbox 800 1403 880 1486; x_wconf 90' lang='lat' dir='ltr'><strong>quia</strong></span> <span class='ocrx_word' id='word_1_151' title='bbox 908 1411 1073 1486; x_wconf 88' lang='lat' dir='ltr'><strong>uteunque</strong></span> <span class='ocrx_word' id='word_1_152' title='bbox 1101 1399 1165 1466; x_wconf 91' lang='lat' dir='ltr'><strong>Dei</strong></span> <span class='ocrx_word' id='word_1_153' title='bbox 1220 1402 1386 1480; x_wconf 90' lang='lat' dir='ltr'><strong>habemus,</strong></span> <span class='ocrx_word' id='word_1_154' title='bbox 1416 1411 1586 1487; x_wconf 90' lang='lat' dir='ltr'><strong>aooeptum</strong></span> <span class='ocrx_word' id='word_1_155' title='bbox 1615 1403 1702 1470; x_wconf 85' lang='lat' dir='ltr'><strong>ferre</strong></span> <span class='ocrx_word' id='word_1_156' title='bbox 1728 1406 1854 1488; x_wconf 86' lang='lat' dir='ltr'><strong>gratiae</strong></span> <span class='ocrx_word' id='word_1_157' title='bbox 1876 1404 1950 1486; x_wconf 91' lang='lat' dir='ltr'><strong>Dei,</strong></span> <span class='ocrx_word' id='word_1_158' title='bbox 1978 1428 2021 1472; x_wconf 91' lang='lat' dir='ltr'><strong>ne</strong></span> <span class='ocrx_word' id='word_1_159' title='bbox 2054 1409 2196 1490; x_wconf 90' lang='lat' dir='ltr'><strong>superbe</strong></span> 
     </span>
     <span class='ocr_line' id='line_1_13' title="bbox 212 1487 2196 1576; baseline 0.001 -18"><span class='ocrx_word' id='word_1_160' title='bbox 212 1492 330 1559; x_wconf 86' lang='lat' dir='ltr'><strong>retiam</strong></span> <span class='ocrx_word' id='word_1_161' title='bbox 359 1498 526 1572; x_wconf 91' lang='lat' dir='ltr'><strong>respuant,</strong></span> <span class='ocrx_word' id='word_1_162' title='bbox 555 1488 622 1555; x_wconf 91' lang='lat' dir='ltr'><strong>illis</strong></span> <span class='ocrx_word' id='word_1_163' title='bbox 650 1497 762 1556; x_wconf 90' lang='lat' dir='ltr'><strong>tamen</strong></span> <span class='ocrx_word' id='word_1_164' title='bbox 790 1489 935 1554; x_wconf 83' lang='lat' dir='ltr'><strong>offertur.</strong></span> <span class='ocrx_word' id='word_1_165' title='bbox 979 1488 1085 1554; x_wconf 87' lang='lat' dir='ltr'><strong>Porro</strong></span> <span class='ocrx_word' id='word_1_166' title='bbox 1112 1487 1166 1554; x_wconf 89' lang='lat' dir='ltr'><strong>hio</strong></span> <span class='ocrx_word' id='word_1_167' title='bbox 1218 1487 1418 1553; x_wconf 87' lang='lat' dir='ltr'><strong>extollamur</strong></span> <span class='ocrx_word' id='word_1_168' title='bbox 1451 1488 1609 1556; x_wconf 88' lang='lat' dir='ltr'><strong>adversus</strong></span> <span class='ocrx_word' id='word_1_169' title='bbox 1642 1489 1733 1556; x_wconf 86' lang='lat' dir='ltr'><strong>alios.</strong></span> <span class='ocrx_word' id='word_1_170' title='bbox 1780 1488 2000 1557; x_wconf 76' lang='lat' dir='ltr'><strong>Commendat</strong></span> <span class='ocrx_word' id='word_1_171' title='bbox 2031 1513 2111 1576; x_wconf 91' lang='lat' dir='ltr'><strong>ergo</strong></span> <span class='ocrx_word' id='word_1_172' title='bbox 2144 1493 2196 1561; x_wconf 89' lang='lat' dir='ltr'><strong>hie</strong></span> 
     </span>
     <span class='ocr_line' id='line_1_14' title="bbox 187 1516 2194 1658; baseline 0 -13"><span class='ocrx_word' id='word_1_173' title='bbox 187 1516 303 1645; x_wconf 61' lang='lat' dir='ltr'><strong>ddeles</strong></span> <span class='ocrx_word' id='word_1_174' title='bbox 335 1575 461 1642; x_wconf 89' lang='lat' dir='ltr'><strong>Paulus</strong></span> <span class='ocrx_word' id='word_1_175' title='bbox 491 1575 681 1658; x_wconf 73' lang='lat' dir='ltr'><strong>ampullat,</strong></span> <span class='ocrx_word' id='word_1_176' title='bbox 714 1576 748 1640; x_wconf 91' lang='lat' dir='ltr'><strong>in</strong></span> <span class='ocrx_word' id='word_1_177' title='bbox 782 1575 899 1658; x_wconf 87' lang='lat' dir='ltr'><strong>quibus</strong></span> <span class='ocrx_word' id='word_1_178' title='bbox 932 1574 1008 1657; x_wconf 91' lang='lat' dir='ltr'><strong>quie</strong></span> <span class='ocrx_word' id='word_1_179' title='bbox 1038 1593 1167 1656; x_wconf 85' lang='lat' dir='ltr'><strong>semper</strong></span> <span class='ocrx_word' id='word_1_180' title='bbox 1218 1573 1284 1638; x_wconf 92' lang='lat' dir='ltr'><strong>Dei</strong></span> <span class='ocrx_word' id='word_1_181' title='bbox 1306 1571 1570 1651; x_wconf 87' lang='lat' dir='ltr'><strong>miserioordiam,</strong></span> <span class='ocrx_word' id='word_1_182' title='bbox 1593 1575 1642 1640; x_wconf 92' lang='lat' dir='ltr'><strong>illi</strong></span> <span class='ocrx_word' id='word_1_183' title='bbox 1657 1595 1788 1641; x_wconf 90' lang='lat' dir='ltr'><strong>oausam</strong></span> <span class='ocrx_word' id='word_1_184' title='bbox 1811 1577 1926 1642; x_wconf 85' lang='lat' dir='ltr'><strong>salutis</strong></span> <span class='ocrx_word' id='word_1_185' title='bbox 1940 1586 2069 1644; x_wconf 88' lang='lat' dir='ltr'><strong>nostrae</strong></span> <span class='ocrx_word' id='word_1_186' title='bbox 2091 1579 2126 1643; x_wconf 91' lang='lat' dir='ltr'><strong>in</strong></span> <span class='ocrx_word' id='word_1_187' title='bbox 2141 1600 2194 1644; x_wconf 90' lang='lat' dir='ltr'><strong>so·</strong></span> 
     </span>
     <span class='ocr_line' id='line_1_15' title="bbox 186 1659 2195 1745; baseline -0.001 -13"><span class='ocrx_word' id='word_1_188' title='bbox 186 1664 368 1745; x_wconf 84' lang='lat' dir='ltr'><strong>baptismus</strong></span> <span class='ocrx_word' id='word_1_189' title='bbox 390 1673 441 1727; x_wconf 88' lang='lat' dir='ltr'><strong>est</strong></span> <span class='ocrx_word' id='word_1_190' title='bbox 469 1661 597 1740; x_wconf 86' lang='lat' dir='ltr'><strong>elfieax,</strong></span> <span class='ocrx_word' id='word_1_191' title='bbox 627 1661 741 1726; x_wconf 91' lang='lat' dir='ltr'><strong>merito</strong></span> <span class='ocrx_word' id='word_1_192' title='bbox 770 1680 845 1727; x_wconf 91' lang='lat' dir='ltr'><strong>oum</strong></span> <span class='ocrx_word' id='word_1_193' title='bbox 871 1680 933 1725; x_wconf 89' lang='lat' dir='ltr'><strong>sua</strong></span> <span class='ocrx_word' id='word_1_194' title='bbox 962 1660 1103 1726; x_wconf 88' lang='lat' dir='ltr'><strong>veritate</strong></span> <span class='ocrx_word' id='word_1_195' title='bbox 1132 1663 1166 1725; x_wconf 89' lang='lat' dir='ltr'><strong>et</strong></span> <span class='ocrx_word' id='word_1_196' title='bbox 1218 1659 1322 1725; x_wconf 92' lang='lat' dir='ltr'><strong>lidum</strong></span> <span class='ocrx_word' id='word_1_197' title='bbox 1346 1659 1504 1728; x_wconf 85' lang='lat' dir='ltr'><strong>tribuens.</strong></span> <span class='ocrx_word' id='word_1_198' title='bbox 1547 1659 1616 1727; x_wconf 82' lang='lat' dir='ltr'><strong>Sed</strong></span> <span class='ocrx_word' id='word_1_199' title='bbox 1645 1662 1723 1744; x_wconf 91' lang='lat' dir='ltr'><strong>quie</strong></span> <span class='ocrx_word' id='word_1_200' title='bbox 1751 1662 1791 1727; x_wconf 93' lang='lat' dir='ltr'><strong>de</strong></span> <span class='ocrx_word' id='word_1_201' title='bbox 1819 1662 2000 1728; x_wconf 84' lang='lat' dir='ltr'><strong>infidelium</strong></span> <span class='ocrx_word' id='word_1_202' title='bbox 2030 1662 2119 1732; x_wconf 90' lang='lat' dir='ltr'><strong>vitiis</strong></span> <span class='ocrx_word' id='word_1_203' title='bbox 2148 1663 2195 1729; x_wconf 93' lang='lat' dir='ltr'><strong>lo-</strong></span> 
     </span>
     <span class='ocr_line' id='line_1_16' title="bbox 187 1743 2195 1832; baseline -0.001 -15"><span class='ocrx_word' id='word_1_204' title='bbox 187 1751 307 1817; x_wconf 86' lang='lat' dir='ltr'><strong>effeotu</strong></span> <span class='ocrx_word' id='word_1_205' title='bbox 321 1747 541 1831; x_wconf 91' lang='lat' dir='ltr'><strong>ooniungitur.</strong></span> <span class='ocrx_word' id='word_1_206' title='bbox 575 1746 750 1813; x_wconf 84' lang='lat' dir='ltr'><strong>Monemur</strong></span> <span class='ocrx_word' id='word_1_207' title='bbox 765 1755 874 1812; x_wconf 91' lang='lat' dir='ltr'><strong>autem</strong></span> <span class='ocrx_word' id='word_1_208' title='bbox 890 1745 952 1811; x_wconf 89' lang='lat' dir='ltr'><strong>heo</strong></span> <span class='ocrx_word' id='word_1_209' title='bbox 967 1744 1165 1829; x_wconf 88' lang='lat' dir='ltr'><strong>loquutione,</strong></span> <span class='ocrx_word' id='word_1_210' title='bbox 1218 1753 1342 1828; x_wconf 86' lang='lat' dir='ltr'><strong>quotus</strong></span> <span class='ocrx_word' id='word_1_211' title='bbox 1359 1755 1439 1828; x_wconf 91' lang='lat' dir='ltr'><strong>erat,</strong></span> <span class='ocrx_word' id='word_1_212' title='bbox 1461 1765 1528 1812; x_wconf 90' lang='lat' dir='ltr'><strong>non</strong></span> <span class='ocrx_word' id='word_1_213' title='bbox 1544 1743 1655 1813; x_wconf 86' lang='lat' dir='ltr'><strong>debuit</strong></span> <span class='ocrx_word' id='word_1_214' title='bbox 1669 1748 1810 1831; x_wconf 88' lang='lat' dir='ltr'><strong>gratiam</strong></span> <span class='ocrx_word' id='word_1_215' title='bbox 1823 1749 2084 1832; x_wconf 87' lang='lat' dir='ltr'><strong>regenerationis</strong></span> <span class='ocrx_word' id='word_1_216' title='bbox 2099 1749 2195 1814; x_wconf 91' lang='lat' dir='ltr'><strong>omit·</strong></span> 
     </span>
     <span class='ocr_line' id='line_1_17' title="bbox 188 1831 2196 1916; baseline 0 -14"><span class='ocrx_word' id='word_1_217' title='bbox 188 1835 252 1902; x_wconf 86' lang='lat' dir='ltr'><strong>nisi</strong></span> <span class='ocrx_word' id='word_1_218' title='bbox 275 1833 414 1901; x_wconf 88' lang='lat' dir='ltr'><strong>velimus</strong></span> <span class='ocrx_word' id='word_1_219' title='bbox 436 1832 605 1898; x_wconf 90' lang='lat' dir='ltr'><strong>exinanire</strong></span> <span class='ocrx_word' id='word_1_220' title='bbox 626 1853 757 1899; x_wconf 87' lang='lat' dir='ltr'><strong>eaerum</strong></span> <span class='ocrx_word' id='word_1_221' title='bbox 778 1833 986 1916; x_wconf 90' lang='lat' dir='ltr'><strong>baptismum,</strong></span> <span class='ocrx_word' id='word_1_222' title='bbox 1008 1832 1166 1897; x_wconf 85' lang='lat' dir='ltr'><strong>virtutem</strong></span> <span class='ocrx_word' id='word_1_223' title='bbox 1218 1840 1298 1910; x_wconf 91' lang='lat' dir='ltr'><strong>tere,</strong></span> <span class='ocrx_word' id='word_1_224' title='bbox 1321 1850 1407 1914; x_wconf 91' lang='lat' dir='ltr'><strong>quae</strong></span> <span class='ocrx_word' id='word_1_225' title='bbox 1428 1831 1590 1897; x_wconf 79' lang='lat' dir='ltr'><strong>medisina</strong></span> <span class='ocrx_word' id='word_1_226' title='bbox 1611 1840 1663 1898; x_wconf 93' lang='lat' dir='ltr'><strong>est</strong></span> <span class='ocrx_word' id='word_1_227' title='bbox 1683 1833 1749 1899; x_wconf 89' lang='lat' dir='ltr'><strong>illis</strong></span> <span class='ocrx_word' id='word_1_228' title='bbox 1770 1832 1935 1900; x_wconf 88' lang='lat' dir='ltr'><strong>sanandis.</strong></span> <span class='ocrx_word' id='word_1_229' title='bbox 1980 1833 2109 1901; x_wconf 86' lang='lat' dir='ltr'><strong>Verum</strong></span> <span class='ocrx_word' id='word_1_230' title='bbox 2135 1835 2196 1904; x_wconf 87' lang='lat' dir='ltr'><strong>hoo</strong></span> 
     </span>
     <span class='ocr_line' id='line_1_18' title="bbox 186 1915 2197 2002; baseline -0.001 -16"><span class='ocrx_word' id='word_1_231' title='bbox 186 1922 258 1986; x_wconf 86' lang='lat' dir='ltr'><strong>eine</strong></span> <span class='ocrx_word' id='word_1_232' title='bbox 280 1918 426 1985; x_wconf 86' lang='lat' dir='ltr'><strong>novitate</strong></span> <span class='ocrx_word' id='word_1_233' title='bbox 448 1918 535 1983; x_wconf 87' lang='lat' dir='ltr'><strong>vitae</strong></span> <span class='ocrx_word' id='word_1_234' title='bbox 558 1937 628 1983; x_wconf 88' lang='lat' dir='ltr'><strong>esse</strong></span> <span class='ocrx_word' id='word_1_235' title='bbox 649 1917 933 2002; x_wconf 90' lang='lat' dir='ltr'><strong>oomprobandam.</strong></span> <span class='ocrx_word' id='word_1_236' title='bbox 1218 1937 1285 1982; x_wconf 90' lang='lat' dir='ltr'><strong>non</strong></span> <span class='ocrx_word' id='word_1_237' title='bbox 1301 1915 1409 1983; x_wconf 87' lang='lat' dir='ltr'><strong>obstet</strong></span> <span class='ocrx_word' id='word_1_238' title='bbox 1423 1918 1599 2000; x_wconf 91' lang='lat' dir='ltr'><strong>quominus</strong></span> <span class='ocrx_word' id='word_1_239' title='bbox 1621 1919 1731 1984; x_wconf 91' lang='lat' dir='ltr'><strong>statim</strong></span> <span class='ocrx_word' id='word_1_240' title='bbox 1752 1919 1794 1985; x_wconf 90' lang='lat' dir='ltr'><strong>ed</strong></span> <span class='ocrx_word' id='word_1_241' title='bbox 1809 1919 2125 1999; x_wconf 82' lang='lat' dir='ltr'><strong>oommendetiouem</strong></span> <span class='ocrx_word' id='word_1_242' title='bbox 2141 1922 2197 1984; x_wconf 90' lang='lat' dir='ltr'><strong>mi·</strong></span> 
     </span>
     <span class='ocr_line' id='line_1_19' title="bbox 276 2000 2198 2089; baseline 0.001 -19"><span class='ocrx_word' id='word_1_243' title='bbox 276 2003 500 2070; x_wconf 64' lang='lat' dir='ltr'><strong>emortum</strong></span> <span class='ocrx_word' id='word_1_244' title='bbox 525 2004 660 2086; x_wconf 62' lang='lat' dir='ltr'><strong>spedus</strong></span> <span class='ocrx_word' id='word_1_245' title='bbox 688 2005 797 2070; x_wconf 74' lang='lat' dir='ltr'><strong>suedi.</strong></span> <span class='ocrx_word' id='word_1_246' title='bbox 842 2001 1050 2085; x_wconf 78' lang='lat' dir='ltr'><strong>Quamquam</strong></span> <span class='ocrx_word' id='word_1_247' title='bbox 1079 2000 1167 2085; x_wconf 87' lang='lat' dir='ltr'><strong>signi</strong></span> <span class='ocrx_word' id='word_1_248' title='bbox 1218 2003 1412 2068; x_wconf 70' lang='lat' dir='ltr'><strong>semoordiae</strong></span> <span class='ocrx_word' id='word_1_249' title='bbox 1435 2002 1562 2067; x_wconf 89' lang='lat' dir='ltr'><strong>redeat:</strong></span> <span class='ocrx_word' id='word_1_250' title='bbox 1592 2003 1660 2069; x_wconf 92' lang='lat' dir='ltr'><strong>imo</strong></span> <span class='ocrx_word' id='word_1_251' title='bbox 1690 2012 1867 2088; x_wconf 89' lang='lat' dir='ltr'><strong>utrumque</strong></span> <span class='ocrx_word' id='word_1_252' title='bbox 1889 2007 2075 2089; x_wconf 76' lang='lat' dir='ltr'><strong>permiscet,</strong></span> <span class='ocrx_word' id='word_1_253' title='bbox 2104 2007 2198 2074; x_wconf 91' lang='lat' dir='ltr'><strong>nobis</strong></span> 
     </span>
     <span class='ocr_line' id='line_1_20' title="bbox 190 2087 2197 2173; baseline -0.001 -15"><span class='ocrx_word' id='word_1_254' title='bbox 190 2091 349 2167; x_wconf 89' lang='lat' dir='ltr'><strong>meminit,</strong></span> <span class='ocrx_word' id='word_1_255' title='bbox 371 2101 407 2155; x_wconf 89' lang='lat' dir='ltr'><strong>nt</strong></span> <span class='ocrx_word' id='word_1_256' title='bbox 429 2092 637 2173; x_wconf 89' lang='lat' dir='ltr'><strong>oonspiouem</strong></span> <span class='ocrx_word' id='word_1_257' title='bbox 660 2090 755 2155; x_wconf 89' lang='lat' dir='ltr'><strong>nobis</strong></span> <span class='ocrx_word' id='word_1_258' title='bbox 777 2089 841 2155; x_wconf 89' lang='lat' dir='ltr'><strong>Dei</strong></span> <span class='ocrx_word' id='word_1_259' title='bbox 862 2090 1003 2172; x_wconf 89' lang='lat' dir='ltr'><strong>gratiam</strong></span> <span class='ocrx_word' id='word_1_260' title='bbox 1025 2087 1166 2153; x_wconf 83' lang='lat' dir='ltr'><strong>laoeret:</strong></span> <span class='ocrx_word' id='word_1_261' title='bbox 1218 2090 1362 2172; x_wconf 90' lang='lat' dir='ltr'><strong>gratuito</strong></span> <span class='ocrx_word' id='word_1_262' title='bbox 1384 2089 1524 2154; x_wconf 89' lang='lat' dir='ltr'><strong>remissa</strong></span> <span class='ocrx_word' id='word_1_263' title='bbox 1538 2110 1608 2156; x_wconf 92' lang='lat' dir='ltr'><strong>esse</strong></span> <span class='ocrx_word' id='word_1_264' title='bbox 1630 2098 1773 2173; x_wconf 78' lang='lat' dir='ltr'><strong>peecata,</strong></span> <span class='ocrx_word' id='word_1_265' title='bbox 1796 2103 1830 2156; x_wconf 92' lang='lat' dir='ltr'><strong>et</strong></span> <span class='ocrx_word' id='word_1_266' title='bbox 1844 2111 1905 2156; x_wconf 90' lang='lat' dir='ltr'><strong>nos</strong></span> <span class='ocrx_word' id='word_1_267' title='bbox 1926 2094 1961 2156; x_wconf 90' lang='lat' dir='ltr'><strong>in</strong></span> <span class='ocrx_word' id='word_1_268' title='bbox 1978 2091 2197 2157; x_wconf 88' lang='lat' dir='ltr'><strong>obedientiam</strong></span> 
     </span>
     <span class='ocr_line' id='line_1_21' title="bbox 188 2173 2198 2260; baseline 0 -17"><span class='ocrx_word' id='word_1_269' title='bbox 188 2191 300 2243; x_wconf 90' lang='lat' dir='ltr'><strong>tamen</strong></span> <span class='ocrx_word' id='word_1_270' title='bbox 323 2196 365 2241; x_wconf 90' lang='lat' dir='ltr'><strong>ne</strong></span> <span class='ocrx_word' id='word_1_271' title='bbox 387 2177 421 2240; x_wconf 93' lang='lat' dir='ltr'><strong>in</strong></span> <span class='ocrx_word' id='word_1_272' title='bbox 443 2175 500 2241; x_wconf 92' lang='lat' dir='ltr'><strong>illo</strong></span> <span class='ocrx_word' id='word_1_273' title='bbox 524 2176 727 2256; x_wconf 86' lang='lat' dir='ltr'><strong>haereamus,</strong></span> <span class='ocrx_word' id='word_1_274' title='bbox 755 2196 832 2241; x_wconf 91' lang='lat' dir='ltr'><strong>mox</strong></span> <span class='ocrx_word' id='word_1_275' title='bbox 862 2174 905 2240; x_wconf 89' lang='lat' dir='ltr'><strong>ad</strong></span> <span class='ocrx_word' id='word_1_276' title='bbox 925 2175 1079 2257; x_wconf 89' lang='lat' dir='ltr'><strong>spiritum</strong></span> <span class='ocrx_word' id='word_1_277' title='bbox 1107 2193 1166 2238; x_wconf 91' lang='lat' dir='ltr'><strong>nos</strong></span> <span class='ocrx_word' id='word_1_278' title='bbox 1218 2173 1282 2239; x_wconf 94' lang='lat' dir='ltr'><strong>Dei</strong></span> <span class='ocrx_word' id='word_1_279' title='bbox 1304 2173 1404 2240; x_wconf 84' lang='lat' dir='ltr'><strong>luisse</strong></span> <span class='ocrx_word' id='word_1_280' title='bbox 1426 2185 1610 2242; x_wconf 90' lang='lat' dir='ltr'><strong>renovatos.</strong></span> <span class='ocrx_word' id='word_1_281' title='bbox 1647 2175 1722 2242; x_wconf 91' lang='lat' dir='ltr'><strong>Hoo</strong></span> <span class='ocrx_word' id='word_1_282' title='bbox 1744 2177 1876 2260; x_wconf 92' lang='lat' dir='ltr'><strong>quidem</strong></span> <span class='ocrx_word' id='word_1_283' title='bbox 1893 2185 2031 2255; x_wconf 89' lang='lat' dir='ltr'><strong>oonstat,</strong></span> <span class='ocrx_word' id='word_1_284' title='bbox 2054 2176 2198 2243; x_wconf 89' lang='lat' dir='ltr'><strong>Paulum</strong></span> 
     </span>
     <span class='ocr_line' id='line_1_22' title="bbox 188 2259 2197 2346; baseline -0.001 -17"><span class='ocrx_word' id='word_1_285' title='bbox 188 2271 336 2331; x_wconf 88' lang='lat' dir='ltr'><strong>revooat:</strong></span> <span class='ocrx_word' id='word_1_286' title='bbox 360 2271 397 2327; x_wconf 93' lang='lat' dir='ltr'><strong>ut</strong></span> <span class='ocrx_word' id='word_1_287' title='bbox 411 2263 550 2328; x_wconf 81' lang='lat' dir='ltr'><strong>solemus</strong></span> <span class='ocrx_word' id='word_1_288' title='bbox 572 2283 633 2329; x_wconf 91' lang='lat' dir='ltr'><strong>nos</strong></span> <span class='ocrx_word' id='word_1_289' title='bbox 648 2263 717 2327; x_wconf 90' lang='lat' dir='ltr'><strong>eius</strong></span> <span class='ocrx_word' id='word_1_290' title='bbox 740 2264 863 2328; x_wconf 87' lang='lat' dir='ltr'><strong>virtute</strong></span> <span class='ocrx_word' id='word_1_291' title='bbox 886 2281 952 2326; x_wconf 91' lang='lat' dir='ltr'><strong>non</strong></span> <span class='ocrx_word' id='word_1_292' title='bbox 968 2277 1054 2342; x_wconf 89' lang='lat' dir='ltr'><strong>aqua</strong></span> <span class='ocrx_word' id='word_1_293' title='bbox 1069 2279 1164 2323; x_wconf 91' lang='lat' dir='ltr'><strong>mun·</strong></span> <span class='ocrx_word' id='word_1_294' title='bbox 1217 2259 1483 2327; x_wconf 88' lang='lat' dir='ltr'><strong>iustifioationem</strong></span> <span class='ocrx_word' id='word_1_295' title='bbox 1506 2281 1652 2327; x_wconf 86' lang='lat' dir='ltr'><strong>asserere</strong></span> <span class='ocrx_word' id='word_1_296' title='bbox 1674 2263 1853 2346; x_wconf 89' lang='lat' dir='ltr'><strong>gratuitum</strong></span> <span class='ocrx_word' id='word_1_297' title='bbox 1875 2283 1946 2329; x_wconf 88' lang='lat' dir='ltr'><strong>esse</strong></span> <span class='ocrx_word' id='word_1_298' title='bbox 1967 2263 2034 2329; x_wconf 89' lang='lat' dir='ltr'><strong>Dei</strong></span> <span class='ocrx_word' id='word_1_299' title='bbox 2056 2264 2197 2329; x_wconf 88' lang='lat' dir='ltr'><strong>donum:</strong></span> 
     </span>
     <span class='ocr_line' id='line_1_23' title="bbox 189 2345 2195 2447; baseline -0 -33"><span class='ocrx_word' id='word_1_300' title='bbox 189 2347 270 2429; x_wconf 93' lang='lat' dir='ltr'><strong>dari,</strong></span> <span class='ocrx_word' id='word_1_301' title='bbox 302 2349 395 2414; x_wconf 90' lang='lat' dir='ltr'><strong>iuxta</strong></span> <span class='ocrx_word' id='word_1_302' title='bbox 422 2347 505 2414; x_wconf 90' lang='lat' dir='ltr'><strong>illud</strong></span> <span class='ocrx_word' id='word_1_303' title='bbox 534 2347 733 2447; x_wconf 77' lang='lat' dir='ltr'><strong>Ezechielis:</strong></span> <span class='ocrx_word' id='word_1_304' title='bbox 767 2345 945 2412; x_wconf 79' lang='lat' dir='ltr'><strong>Effundam</strong></span> <span class='ocrx_word' id='word_1_305' title='bbox 979 2365 1077 2428; x_wconf 91' lang='lat' dir='ltr'><strong>super</strong></span> <span class='ocrx_word' id='word_1_306' title='bbox 1106 2365 1166 2411; x_wconf 93' lang='lat' dir='ltr'><strong>vos</strong></span> <span class='ocrx_word' id='word_1_307' title='bbox 1218 2353 1349 2444; x_wconf 84' lang='lat' dir='ltr'><strong>tantum</strong></span> <span class='ocrx_word' id='word_1_308' title='bbox 1370 2346 1540 2430; x_wconf 90' lang='lat' dir='ltr'><strong>quaeritur</strong></span> <span class='ocrx_word' id='word_1_309' title='bbox 1562 2347 1641 2430; x_wconf 91' lang='lat' dir='ltr'><strong>quid</strong></span> <span class='ocrx_word' id='word_1_310' title='bbox 1660 2368 1721 2446; x_wconf 88' lang='lat' dir='ltr'><strong>per</strong></span> <span class='ocrx_word' id='word_1_311' title='bbox 1743 2369 1865 2415; x_wconf 90' lang='lat' dir='ltr'><strong>nomen</strong></span> <span class='ocrx_word' id='word_1_312' title='bbox 1890 2349 2131 2416; x_wconf 88' lang='lat' dir='ltr'><strong>iustilioationis</strong></span> <span class='ocrx_word' id='word_1_313' title='bbox 2154 2350 2195 2415; x_wconf 92' lang='lat' dir='ltr'><strong>si·</strong></span> 
     </span>
     <span class='ocr_line' id='line_1_24' title="bbox 189 2429 2196 2604; baseline -0 -17"><span class='ocrx_word' id='word_1_314' title='bbox 189 2429 1166 2604; x_wconf 45' lang='lat' dir='ltr'><strong>tttlttltstttttttttlllttlttlsitiil</strong></span> <span class='ocrx_word' id='word_1_315' title='bbox 1218 2432 1387 2600; x_wconf 65' lang='lat' dir='ltr'><strong>titt</strong></span> <span class='ocrx_word' id='word_1_316' title='bbox 1416 2432 2039 2603; x_wconf 57' lang='lat' dir='ltr'><strong>ittttttttttt,trithei</strong></span> <span class='ocrx_word' id='word_1_317' title='bbox 2065 2434 2196 2604; x_wconf 59' lang='lat' dir='ltr'><strong>litt</strong></span> 
     </span>
     <span class='ocr_line' id='line_1_25' title="bbox 189 2602 2196 2690; baseline -0.001 -16"><span class='ocrx_word' id='word_1_318' title='bbox 189 2605 298 2684; x_wconf 86' lang='lat' dir='ltr'><strong>verba,</strong></span> <span class='ocrx_word' id='word_1_319' title='bbox 330 2613 370 2669; x_wconf 94' lang='lat' dir='ltr'><strong>ut</strong></span> <span class='ocrx_word' id='word_1_320' title='bbox 397 2604 484 2670; x_wconf 92' lang='lat' dir='ltr'><strong>idem</strong></span> <span class='ocrx_word' id='word_1_321' title='bbox 512 2605 553 2671; x_wconf 91' lang='lat' dir='ltr'><strong>eb</strong></span> <span class='ocrx_word' id='word_1_322' title='bbox 583 2616 720 2687; x_wconf 89' lang='lat' dir='ltr'><strong>utroque</strong></span> <span class='ocrx_word' id='word_1_323' title='bbox 749 2604 812 2670; x_wconf 93' lang='lat' dir='ltr'><strong>dioi</strong></span> <span class='ocrx_word' id='word_1_324' title='bbox 843 2613 1007 2688; x_wconf 89' lang='lat' dir='ltr'><strong>appareat.</strong></span> <span class='ocrx_word' id='word_1_325' title='bbox 1053 2603 1166 2684; x_wconf 80' lang='lat' dir='ltr'><strong>Quare</strong></span> <span class='ocrx_word' id='word_1_326' title='bbox 1217 2623 1317 2668; x_wconf 91' lang='lat' dir='ltr'><strong>sensu</strong></span> <span class='ocrx_word' id='word_1_327' title='bbox 1338 2624 1411 2669; x_wconf 92' lang='lat' dir='ltr'><strong>raro</strong></span> <span class='ocrx_word' id='word_1_328' title='bbox 1433 2602 1484 2688; x_wconf 89' lang='lat' dir='ltr'><strong>(ut</strong></span> <span class='ocrx_word' id='word_1_329' title='bbox 1505 2604 1588 2690; x_wconf 86' lang='lat' dir='ltr'><strong>dixi)</strong></span> <span class='ocrx_word' id='word_1_330' title='bbox 1609 2604 1777 2672; x_wconf 86' lang='lat' dir='ltr'><strong>iuvenitur</strong></span> <span class='ocrx_word' id='word_1_331' title='bbox 1798 2605 1887 2689; x_wconf 89' lang='lat' dir='ltr'><strong>apud</strong></span> <span class='ocrx_word' id='word_1_332' title='bbox 1908 2606 2058 2672; x_wconf 89' lang='lat' dir='ltr'><strong>Paulum.</strong></span> <span class='ocrx_word' id='word_1_333' title='bbox 2103 2605 2196 2671; x_wconf 90' lang='lat' dir='ltr'><strong>Nihil</strong></span> 
     </span>
     <span class='ocr_line' id='line_1_26' title="bbox 188 2689 2196 2775; baseline 0 -17"><span class='ocrx_word' id='word_1_334' title='bbox 188 2693 282 2758; x_wconf 91' lang='lat' dir='ltr'><strong>initio</strong></span> <span class='ocrx_word' id='word_1_335' title='bbox 305 2691 386 2771; x_wconf 90' lang='lat' dir='ltr'><strong>dixi,</strong></span> <span class='ocrx_word' id='word_1_336' title='bbox 408 2691 559 2769; x_wconf 89' lang='lat' dir='ltr'><strong>Paulum,</strong></span> <span class='ocrx_word' id='word_1_337' title='bbox 582 2711 683 2773; x_wconf 90' lang='lat' dir='ltr'><strong>quum</strong></span> <span class='ocrx_word' id='word_1_338' title='bbox 705 2690 835 2774; x_wconf 90' lang='lat' dir='ltr'><strong>proprie</strong></span> <span class='ocrx_word' id='word_1_339' title='bbox 850 2689 890 2755; x_wconf 93' lang='lat' dir='ltr'><strong>de</strong></span> <span class='ocrx_word' id='word_1_340' title='bbox 911 2689 1029 2771; x_wconf 89' lang='lat' dir='ltr'><strong>spiritu</strong></span> <span class='ocrx_word' id='word_1_341' title='bbox 1052 2697 1164 2755; x_wconf 90' lang='lat' dir='ltr'><strong>saneto</strong></span> <span class='ocrx_word' id='word_1_342' title='bbox 1218 2697 1327 2754; x_wconf 72' lang='lat' dir='ltr'><strong>umen</strong></span> <span class='ocrx_word' id='word_1_343' title='bbox 1345 2689 1483 2772; x_wconf 91' lang='lat' dir='ltr'><strong>impedit</strong></span> <span class='ocrx_word' id='word_1_344' title='bbox 1496 2691 1673 2773; x_wconf 88' lang='lat' dir='ltr'><strong>quominus</strong></span> <span class='ocrx_word' id='word_1_345' title='bbox 1688 2692 1730 2757; x_wconf 92' lang='lat' dir='ltr'><strong>ad</strong></span> <span class='ocrx_word' id='word_1_346' title='bbox 1745 2691 1971 2758; x_wconf 88' lang='lat' dir='ltr'><strong>remissionem</strong></span> <span class='ocrx_word' id='word_1_347' title='bbox 1989 2698 2196 2775; x_wconf 83' lang='lat' dir='ltr'><strong>peooatorum</strong></span> 
     </span>
     <span class='ocr_line' id='line_1_27' title="bbox 189 2775 2196 2930; baseline 0 -88"><span class='ocrx_word' id='word_1_348' title='bbox 189 2787 275 2930; x_wconf 50' lang='lat' dir='ltr'><strong>Eget,</strong></span> <span class='ocrx_word' id='word_1_349' title='bbox 304 2775 410 2926; x_wconf 50' lang='lat' dir='ltr'><strong>stim·</strong></span> <span class='ocrx_word' id='word_1_350' title='bbox 425 2777 570 2842; x_wconf 90' lang='lat' dir='ltr'><strong>alludere</strong></span> <span class='ocrx_word' id='word_1_351' title='bbox 593 2775 634 2841; x_wconf 89' lang='lat' dir='ltr'><strong>ed</strong></span> <span class='ocrx_word' id='word_1_352' title='bbox 659 2776 868 2927; x_wconf 57' lang='lat' dir='ltr'><strong>btaptismum.</strong></span> <span class='ocrx_word' id='word_1_353' title='bbox 912 2776 1002 2925; x_wconf 48' lang='lat' dir='ltr'><strong>lirsgo</strong></span> <span class='ocrx_word' id='word_1_354' title='bbox 1031 2775 1166 2925; x_wconf 71' lang='lat' dir='ltr'><strong>spiritus</strong></span> <span class='ocrx_word' id='word_1_355' title='bbox 1218 2775 1513 2927; x_wconf 51' lang='lat' dir='ltr'><strong>pookpsittorestringi.</strong></span> <span class='ocrx_word' id='word_1_356' title='bbox 1551 2776 1663 2926; x_wconf 61' lang='lat' dir='ltr'><strong>tQuod</strong></span> <span class='ocrx_word' id='word_1_357' title='bbox 1691 2778 1792 2928; x_wconf 39' lang='lat' dir='ltr'><strong>diuiti·</strong></span> <span class='ocrx_word' id='word_1_358' title='bbox 1812 2779 1906 2844; x_wconf 91' lang='lat' dir='ltr'><strong>eius</strong></span> <span class='ocrx_word' id='word_1_359' title='bbox 1934 2777 2102 2930; x_wconf 56' lang='lat' dir='ltr'><strong>gdatdltd</strong></span> <span class='ocrx_word' id='word_1_360' title='bbox 2128 2787 2196 2927; x_wconf 61' lang='lat' dir='ltr'><strong>tetam</strong></span> 
     </span>
     <span class='ocr_line' id='line_1_28' title="bbox 188 2872 2197 3046; baseline -0.001 -29"><span class='ocrx_word' id='word_1_361' title='bbox 188 2885 255 3017; x_wconf 68' lang='lat' dir='ltr'><strong>si</strong></span> <span class='ocrx_word' id='word_1_362' title='bbox 269 2872 929 3033; x_wconf 44' lang='lat' dir='ltr'><strong>,tttitillaret,stitit</strong></span> <span class='ocrx_word' id='word_1_363' title='bbox 941 2881 1059 3046; x_wconf 50' lang='lat' dir='ltr'><strong>stt}</strong></span> <span class='ocrx_word' id='word_1_364' title='bbox 1073 2881 1165 3046; x_wconf 69' lang='lat' dir='ltr'><strong>tt</strong></span> <span class='ocrx_word' id='word_1_365' title='bbox 1218 2880 2068 3034; x_wconf 56' lang='lat' dir='ltr'><strong>ttlzittttgthluttrtilttats</strong></span> <span class='ocrx_word' id='word_1_366' title='bbox 2085 2884 2197 3033; x_wconf 62' lang='lat' dir='ltr'><strong>slei}</strong></span> 
     </span>
     <span class='ocr_line' id='line_1_29' title="bbox 188 3032 2195 3120; baseline 0 -19"><span class='ocrx_word' id='word_1_367' title='bbox 188 3035 255 3101; x_wconf 93' lang='lat' dir='ltr'><strong>bile</strong></span> <span class='ocrx_word' id='word_1_368' title='bbox 277 3038 312 3101; x_wconf 94' lang='lat' dir='ltr'><strong>in</strong></span> <span class='ocrx_word' id='word_1_369' title='bbox 340 3035 501 3117; x_wconf 90' lang='lat' dir='ltr'><strong>baptismo</strong></span> <span class='ocrx_word' id='word_1_370' title='bbox 531 3036 601 3101; x_wconf 90' lang='lat' dir='ltr'><strong>eius</strong></span> <span class='ocrx_word' id='word_1_371' title='bbox 629 3033 816 3120; x_wconf 82' lang='lat' dir='ltr'><strong>symbolum</strong></span> <span class='ocrx_word' id='word_1_372' title='bbox 847 3034 1054 3117; x_wconf 86' lang='lat' dir='ltr'><strong>oonsproitur.</strong></span> <span class='ocrx_word' id='word_1_373' title='bbox 1098 3032 1167 3098; x_wconf 80' lang='lat' dir='ltr'><strong>Alit</strong></span> <span class='ocrx_word' id='word_1_374' title='bbox 1218 3052 1278 3098; x_wconf 92' lang='lat' dir='ltr'><strong>nos</strong></span> <span class='ocrx_word' id='word_1_375' title='bbox 1295 3032 1359 3098; x_wconf 93' lang='lat' dir='ltr'><strong>Dei</strong></span> <span class='ocrx_word' id='word_1_376' title='bbox 1380 3034 1487 3117; x_wconf 90' lang='lat' dir='ltr'><strong>gratia</strong></span> <span class='ocrx_word' id='word_1_377' title='bbox 1508 3055 1566 3118; x_wconf 91' lang='lat' dir='ltr'><strong>per</strong></span> <span class='ocrx_word' id='word_1_378' title='bbox 1584 3033 1756 3102; x_wconf 82' lang='lat' dir='ltr'><strong>Christum</strong></span> <span class='ocrx_word' id='word_1_379' title='bbox 1777 3035 1937 3102; x_wconf 86' lang='lat' dir='ltr'><strong>iustitiam</strong></span> <span class='ocrx_word' id='word_1_380' title='bbox 1959 3035 2094 3118; x_wconf 90' lang='lat' dir='ltr'><strong>adeptos</strong></span> <span class='ocrx_word' id='word_1_381' title='bbox 2114 3056 2195 3102; x_wconf 87' lang='lat' dir='ltr'><strong>esse.</strong></span> 
     </span>
     <span class='ocr_line' id='line_1_30' title="bbox 189 3117 2195 3270; baseline 0.001 -84"><span class='ocrx_word' id='word_1_382' title='bbox 189 3121 438 3186; x_wconf 85' lang='lat' dir='ltr'><strong>renovationem</strong></span> <span class='ocrx_word' id='word_1_383' title='bbox 452 3119 569 3204; x_wconf 88' lang='lat' dir='ltr'><strong>legunt</strong></span> <span class='ocrx_word' id='word_1_384' title='bbox 590 3121 625 3186; x_wconf 91' lang='lat' dir='ltr'><strong>in</strong></span> <span class='ocrx_word' id='word_1_385' title='bbox 640 3120 834 3199; x_wconf 90' lang='lat' dir='ltr'><strong>aoousativo,</strong></span> <span class='ocrx_word' id='word_1_386' title='bbox 855 3119 942 3203; x_wconf 92' lang='lat' dir='ltr'><strong>quod</strong></span> <span class='ocrx_word' id='word_1_387' title='bbox 957 3138 1018 3270; x_wconf 49' lang='grc' dir='ltr'><strong>οἱα</strong></span> <span class='ocrx_word' id='word_1_388' title='bbox 1033 3118 1165 3202; x_wconf 88' lang='lat' dir='ltr'><strong>quidem</strong></span> <span class='ocrx_word' id='word_1_389' title='bbox 1304 3117 1463 3185; x_wconf 76' lang='lat' dir='ltr'><strong>Haeredes</strong></span> <span class='ocrx_word' id='word_1_390' title='bbox 1482 3120 1652 3187; x_wconf 71' lang='lat' dir='ltr'><strong>ammaum</strong></span> <span class='ocrx_word' id='word_1_391' title='bbox 1680 3141 1775 3204; x_wconf 77' lang='lat' dir='ltr'><strong>spero.</strong></span> <span class='ocrx_word' id='word_1_392' title='bbox 1818 3121 1987 3188; x_wconf 88' lang='lat' dir='ltr'><strong>Partioula</strong></span> <span class='ocrx_word' id='word_1_393' title='bbox 2016 3120 2098 3186; x_wconf 85' lang='lat' dir='ltr'><strong>haee</strong></span> <span class='ocrx_word' id='word_1_394' title='bbox 2125 3122 2195 3188; x_wconf 88' lang='lat' dir='ltr'><strong>vioe</strong></span> 
     </span>
     <span class='ocr_line' id='line_1_31' title="bbox 189 3203 2194 3292; baseline -0.002 -18"><span class='ocrx_word' id='word_1_395' title='bbox 189 3228 255 3274; x_wconf 96' lang='lat' dir='ltr'><strong>non</strong></span> <span class='ocrx_word' id='word_1_396' title='bbox 277 3208 440 3292; x_wconf 87' lang='lat' dir='ltr'><strong>improbo:</strong></span> <span class='ocrx_word' id='word_1_397' title='bbox 462 3205 520 3273; x_wconf 89' lang='lat' dir='ltr'><strong>sed</strong></span> <span class='ocrx_word' id='word_1_398' title='bbox 541 3207 646 3273; x_wconf 92' lang='lat' dir='ltr'><strong>altera</strong></span> <span class='ocrx_word' id='word_1_399' title='bbox 667 3207 764 3275; x_wconf 90' lang='lat' dir='ltr'><strong>leotio</strong></span> <span class='ocrx_word' id='word_1_400' title='bbox 786 3204 903 3271; x_wconf 90' lang='lat' dir='ltr'><strong>melius</strong></span> <span class='ocrx_word' id='word_1_401' title='bbox 924 3205 973 3289; x_wconf 81' lang='lat' dir='ltr'><strong>(iu</strong></span> <span class='ocrx_word' id='word_1_402' title='bbox 999 3204 1059 3270; x_wconf 82' lang='lat' dir='ltr'><strong>‘oio</strong></span> <span class='ocrx_word' id='word_1_403' title='bbox 1076 3224 1151 3270; x_wconf 92' lang='lat' dir='ltr'><strong>meo</strong></span> <span class='ocrx_word' id='word_1_404' title='bbox 1219 3205 1430 3286; x_wconf 88' lang='lat' dir='ltr'><strong>expositionis</strong></span> <span class='ocrx_word' id='word_1_405' title='bbox 1452 3203 1562 3271; x_wconf 87' lang='lat' dir='ltr'><strong>addita</strong></span> <span class='ocrx_word' id='word_1_406' title='bbox 1583 3215 1644 3273; x_wconf 91' lang='lat' dir='ltr'><strong>est.</strong></span> <span class='ocrx_word' id='word_1_407' title='bbox 1683 3207 1823 3273; x_wconf 82' lang='lat' dir='ltr'><strong>Dixerat</strong></span> <span class='ocrx_word' id='word_1_408' title='bbox 1845 3228 1905 3273; x_wconf 89' lang='lat' dir='ltr'><strong>nos</strong></span> <span class='ocrx_word' id='word_1_409' title='bbox 1925 3207 1990 3272; x_wconf 88' lang='lat' dir='ltr'><strong>Dei</strong></span> <span class='ocrx_word' id='word_1_410' title='bbox 2011 3206 2194 3272; x_wconf 89' lang='lat' dir='ltr'><strong>miserioor-</strong></span> 
     </span>
     <span class='ocr_line' id='line_1_32' title="bbox 188 3290 2191 3375; baseline -0.001 -15"><span class='ocrx_word' id='word_1_411' title='bbox 188 3295 353 3361; x_wconf 87' lang='lat' dir='ltr'><strong>eonvenit.</strong></span> <span class='ocrx_word' id='word_1_412' title='bbox 1219 3290 1273 3355; x_wconf 92' lang='lat' dir='ltr'><strong>dia</strong></span> <span class='ocrx_word' id='word_1_413' title='bbox 1295 3290 1404 3356; x_wconf 86' lang='lat' dir='ltr'><strong>salvos</strong></span> <span class='ocrx_word' id='word_1_414' title='bbox 1424 3291 1526 3357; x_wconf 83' lang='lat' dir='ltr'><strong>laotos</strong></span> <span class='ocrx_word' id='word_1_415' title='bbox 1547 3313 1636 3359; x_wconf 89' lang='lat' dir='ltr'><strong>esse:</strong></span> <span class='ocrx_word' id='word_1_416' title='bbox 1659 3295 1748 3375; x_wconf 88' lang='lat' dir='ltr'><strong>atqui</strong></span> <span class='ocrx_word' id='word_1_417' title='bbox 1770 3294 1861 3359; x_wconf 90' lang='lat' dir='ltr'><strong>salus</strong></span> <span class='ocrx_word' id='word_1_418' title='bbox 1881 3301 1993 3360; x_wconf 89' lang='lat' dir='ltr'><strong>nostra</strong></span> <span class='ocrx_word' id='word_1_419' title='bbox 2007 3290 2114 3357; x_wconf 90' lang='lat' dir='ltr'><strong>adhuo</strong></span> <span class='ocrx_word' id='word_1_420' title='bbox 2135 3290 2191 3358; x_wconf 86' lang='lat' dir='ltr'><strong>ab·</strong></span> 
     </span>
     <span class='ocr_line' id='line_1_33' title="bbox 275 3374 2194 3462; baseline -0.001 -20"><span class='ocrx_word' id='word_1_421' title='bbox 275 3380 306 3445; x_wconf 90' lang='lat'><strong>6.</strong></span> <span class='ocrx_word' id='word_1_422' title='bbox 332 3379 422 3460; x_wconf 79' lang='lat' dir='ltr'><strong>Quod</strong></span> <span class='ocrx_word' id='word_1_423' title='bbox 441 3379 562 3462; x_wconf 61' lang='lat' dir='ltr'><strong>effudi.</strong></span> <span class='ocrx_word' id='word_1_424' title='bbox 604 3378 798 3445; x_wconf 84' lang='lat' dir='ltr'><strong>Relativum</strong></span> <span class='ocrx_word' id='word_1_425' title='bbox 823 3377 908 3459; x_wconf 90' lang='lat' dir='ltr'><strong>apud</strong></span> <span class='ocrx_word' id='word_1_426' title='bbox 930 3375 1075 3442; x_wconf 73' lang='lat' dir='ltr'><strong>Graecos</strong></span> <span class='ocrx_word' id='word_1_427' title='bbox 1097 3385 1164 3443; x_wconf 89' lang='lat' dir='ltr'><strong>tam</strong></span> <span class='ocrx_word' id='word_1_428' title='bbox 1218 3375 1364 3442; x_wconf 88' lang='lat' dir='ltr'><strong>soondita</strong></span> <span class='ocrx_word' id='word_1_429' title='bbox 1386 3385 1451 3440; x_wconf 88' lang='lat' dir='ltr'><strong>est:</strong></span> <span class='ocrx_word' id='word_1_430' title='bbox 1474 3374 1546 3443; x_wconf 92' lang='lat' dir='ltr'><strong>ideo</strong></span> <span class='ocrx_word' id='word_1_431' title='bbox 1561 3399 1649 3445; x_wconf 91' lang='lat' dir='ltr'><strong>nuno</strong></span> <span class='ocrx_word' id='word_1_432' title='bbox 1666 3379 1753 3447; x_wconf 89' lang='lat' dir='ltr'><strong>vitae</strong></span> <span class='ocrx_word' id='word_1_433' title='bbox 1767 3379 1923 3445; x_wconf 87' lang='lat' dir='ltr'><strong>haeredes</strong></span> <span class='ocrx_word' id='word_1_434' title='bbox 1945 3398 2003 3442; x_wconf 90' lang='lat' dir='ltr'><strong>nos</strong></span> <span class='ocrx_word' id='word_1_435' title='bbox 2018 3397 2088 3442; x_wconf 89' lang='lat' dir='ltr'><strong>esse</strong></span> <span class='ocrx_word' id='word_1_436' title='bbox 2102 3375 2194 3461; x_wconf 91' lang='lat' dir='ltr'><strong>dioit,</strong></span> 
     </span>
     <span class='ocr_line' id='line_1_34' title="bbox 191 3461 2194 3548; baseline 0 -20"><span class='ocrx_word' id='word_1_437' title='bbox 191 3465 325 3529; x_wconf 89' lang='lat' dir='ltr'><strong>lavaero</strong></span> <span class='ocrx_word' id='word_1_438' title='bbox 347 3485 447 3547; x_wconf 90' lang='lat' dir='ltr'><strong>quam</strong></span> <span class='ocrx_word' id='word_1_439' title='bbox 468 3465 599 3548; x_wconf 90' lang='lat' dir='ltr'><strong>spiritui</strong></span> <span class='ocrx_word' id='word_1_440' title='bbox 620 3465 787 3531; x_wconf 84' lang='lat' dir='ltr'><strong>eosvenit:</strong></span> <span class='ocrx_word' id='word_1_441' title='bbox 810 3483 888 3528; x_wconf 92' lang='lat' dir='ltr'><strong>nem</strong></span> <span class='ocrx_word' id='word_1_442' title='bbox 903 3461 969 3527; x_wconf 88' lang='lat' dir='ltr'><strong>illis</strong></span> <span class='ocrx_word' id='word_1_443' title='bbox 990 3471 1166 3545; x_wconf 89' lang='lat' dir='ltr'><strong>utrumque</strong></span> <span class='ocrx_word' id='word_1_444' title='bbox 1218 3481 1284 3526; x_wconf 93' lang='lat' dir='ltr'><strong>non</strong></span> <span class='ocrx_word' id='word_1_445' title='bbox 1307 3462 1384 3544; x_wconf 93' lang='lat' dir='ltr'><strong>quia</strong></span> <span class='ocrx_word' id='word_1_446' title='bbox 1413 3473 1618 3545; x_wconf 86' lang='lat' dir='ltr'><strong>praesentem</strong></span> <span class='ocrx_word' id='word_1_447' title='bbox 1646 3464 1717 3530; x_wconf 88' lang='lat' dir='ltr'><strong>eius</strong></span> <span class='ocrx_word' id='word_1_448' title='bbox 1765 3466 1978 3548; x_wconf 86' lang='lat' dir='ltr'><strong>osseesionem</strong></span> <span class='ocrx_word' id='word_1_449' title='bbox 2006 3463 2194 3543; x_wconf 89' lang='lat' dir='ltr'><strong>adierimus,</strong></span> 
     </span>
     <span class='ocr_line' id='line_1_35' title="bbox 188 3485 2195 3632; baseline -0 -16"><span class='ocrx_word' id='word_1_450' title='bbox 188 3570 310 3616; x_wconf 90' lang='lat' dir='ltr'><strong>nomen</strong></span> <span class='ocrx_word' id='word_1_451' title='bbox 346 3558 397 3617; x_wconf 89' lang='lat' dir='ltr'><strong>est</strong></span> <span class='ocrx_word' id='word_1_452' title='bbox 425 3556 591 3630; x_wconf 89' lang='lat' dir='ltr'><strong>neutrum,</strong></span> <span class='ocrx_word' id='word_1_453' title='bbox 628 3550 760 3616; x_wconf 90' lang='lat' dir='ltr'><strong>tametsi</strong></span> <span class='ocrx_word' id='word_1_454' title='bbox 795 3546 902 3632; x_wconf 84' lang='lat' dir='ltr'><strong>quoad</strong></span> <span class='ocrx_word' id='word_1_455' title='bbox 935 3568 1069 3615; x_wconf 87' lang='lat' dir='ltr'><strong>sensum</strong></span> <span class='ocrx_word' id='word_1_456' title='bbox 1098 3569 1166 3614; x_wconf 91' lang='lat' dir='ltr'><strong>non</strong></span> <span class='ocrx_word' id='word_1_457' title='bbox 1218 3546 1277 3611; x_wconf 88' lang='lat' dir='ltr'><strong>sed</strong></span> <span class='ocrx_word' id='word_1_458' title='bbox 1305 3548 1382 3630; x_wconf 90' lang='lat' dir='ltr'><strong>quia</strong></span> <span class='ocrx_word' id='word_1_459' title='bbox 1403 3568 1478 3632; x_wconf 90' lang='lat' dir='ltr'><strong>spes</strong></span> <span class='ocrx_word' id='word_1_460' title='bbox 1500 3549 1630 3630; x_wconf 87' lang='lat' dir='ltr'><strong>plenam</strong></span> <span class='ocrx_word' id='word_1_461' title='bbox 1653 3554 1687 3616; x_wconf 90' lang='lat' dir='ltr'><strong>et</strong></span> <span class='ocrx_word' id='word_1_462' title='bbox 1708 3485 1845 3616; x_wconf 64' lang='lat' dir='ltr'><strong>solidam</strong></span> <span class='ocrx_word' id='word_1_463' title='bbox 1874 3551 1944 3616; x_wconf 90' lang='lat' dir='ltr'><strong>eius</strong></span> <span class='ocrx_word' id='word_1_464' title='bbox 1966 3547 2195 3616; x_wconf 80' lang='lat' dir='ltr'><strong>tortitudinem</strong></span> 
     </span>
     <span class='ocr_line' id='line_1_36' title="bbox 188 3631 2196 3718; baseline -0 -15"><span class='ocrx_word' id='word_1_465' title='bbox 188 3636 330 3703; x_wconf 90' lang='lat' dir='ltr'><strong>multum</strong></span> <span class='ocrx_word' id='word_1_466' title='bbox 352 3640 466 3704; x_wconf 82' lang='lat' dir='ltr'><strong>refert:</strong></span> <span class='ocrx_word' id='word_1_467' title='bbox 496 3637 547 3704; x_wconf 88' lang='lat' dir='ltr'><strong>ele</strong></span> <span class='ocrx_word' id='word_1_468' title='bbox 591 3636 680 3702; x_wconf 91' lang='lat' dir='ltr'><strong>ntior</strong></span> <span class='ocrx_word' id='word_1_469' title='bbox 701 3645 812 3700; x_wconf 86' lang='lat' dir='ltr'><strong>tamen</strong></span> <span class='ocrx_word' id='word_1_470' title='bbox 837 3634 901 3700; x_wconf 89' lang='lat' dir='ltr'><strong>erit</strong></span> <span class='ocrx_word' id='word_1_471' title='bbox 922 3633 1166 3718; x_wconf 89' lang='lat' dir='ltr'><strong>metaphorasi</strong></span> <span class='ocrx_word' id='word_1_472' title='bbox 1219 3633 1311 3700; x_wconf 89' lang='lat' dir='ltr'><strong>nobis</strong></span> <span class='ocrx_word' id='word_1_473' title='bbox 1341 3632 1447 3698; x_wconf 81' lang='lat' dir='ltr'><strong>affert.</strong></span> <span class='ocrx_word' id='word_1_474' title='bbox 1491 3631 1632 3702; x_wconf 83' lang='lat' dir='ltr'><strong>Summa</strong></span> <span class='ocrx_word' id='word_1_475' title='bbox 1663 3643 1723 3716; x_wconf 93' lang='lat' dir='ltr'><strong>est,</strong></span> <span class='ocrx_word' id='word_1_476' title='bbox 1801 3657 1855 3701; x_wconf 91' lang='lat' dir='ltr'><strong>nm</strong></span> <span class='ocrx_word' id='word_1_477' title='bbox 1888 3637 2009 3701; x_wconf 88' lang='lat' dir='ltr'><strong>mortui</strong></span> <span class='ocrx_word' id='word_1_478' title='bbox 2041 3655 2196 3714; x_wconf 88' lang='lat' dir='ltr'><strong>essemus,</strong></span> 
     </span>
     <span class='ocr_line' id='line_1_37' title="bbox 189 3657 2197 3808; baseline -0 -21"><span class='ocrx_word' id='word_1_479' title='bbox 189 3722 321 3788; x_wconf 85' lang='lat' dir='ltr'><strong>lavaero</strong></span> <span class='ocrx_word' id='word_1_480' title='bbox 354 3729 484 3808; x_wconf 91' lang='lat' dir='ltr'><strong>aptetur</strong></span> <span class='ocrx_word' id='word_1_481' title='bbox 513 3744 548 3789; x_wconf 89' lang='lat' dir='ltr'><strong>re</strong></span> <span class='ocrx_word' id='word_1_482' title='bbox 562 3723 696 3787; x_wconf 90' lang='lat' dir='ltr'><strong>ativum.</strong></span> <span class='ocrx_word' id='word_1_483' title='bbox 740 3719 854 3804; x_wconf 88' lang='lat' dir='ltr'><strong>Neque</strong></span> <span class='ocrx_word' id='word_1_484' title='bbox 883 3739 962 3786; x_wconf 89' lang='lat' dir='ltr'><strong>vero</strong></span> <span class='ocrx_word' id='word_1_485' title='bbox 992 3720 1069 3786; x_wconf 90' lang='lat' dir='ltr'><strong>huie</strong></span> <span class='ocrx_word' id='word_1_486' title='bbox 1094 3741 1167 3786; x_wconf 89' lang='lat' dir='ltr'><strong>sen·</strong></span> <span class='ocrx_word' id='word_1_487' title='bbox 1219 3719 1387 3785; x_wconf 88' lang='lat' dir='ltr'><strong>restitutos</strong></span> <span class='ocrx_word' id='word_1_488' title='bbox 1419 3719 1521 3785; x_wconf 82' lang='lat' dir='ltr'><strong>fuisse</strong></span> <span class='ocrx_word' id='word_1_489' title='bbox 1548 3721 1582 3787; x_wconf 93' lang='lat' dir='ltr'><strong>in</strong></span> <span class='ocrx_word' id='word_1_490' title='bbox 1605 3721 1707 3788; x_wconf 89' lang='lat' dir='ltr'><strong>vitam</strong></span> <span class='ocrx_word' id='word_1_491' title='bbox 1737 3657 1862 3788; x_wconf 65' lang='lat' dir='ltr'><strong>elisisti</strong></span> <span class='ocrx_word' id='word_1_492' title='bbox 1892 3721 2065 3788; x_wconf 79' lang='lat' dir='ltr'><strong>beneduio:</strong></span> <span class='ocrx_word' id='word_1_493' title='bbox 2095 3741 2197 3804; x_wconf 91' lang='lat' dir='ltr'><strong>quum</strong></span> 
     </span>
     <span class='ocr_line' id='line_1_38' title="bbox 189 3805 2196 3894; baseline -0.001 -20"><span class='ocrx_word' id='word_1_494' title='bbox 189 3809 312 3874; x_wconf 91' lang='lat' dir='ltr'><strong>tentiae</strong></span> <span class='ocrx_word' id='word_1_495' title='bbox 334 3817 497 3894; x_wconf 91' lang='lat' dir='ltr'><strong>repugnat</strong></span> <span class='ocrx_word' id='word_1_496' title='bbox 513 3809 600 3893; x_wconf 93' lang='lat' dir='ltr'><strong>quod</strong></span> <span class='ocrx_word' id='word_1_497' title='bbox 615 3828 728 3874; x_wconf 89' lang='lat' dir='ltr'><strong>omnes</strong></span> <span class='ocrx_word' id='word_1_498' title='bbox 746 3807 929 3891; x_wconf 83' lang='lat' dir='ltr'><strong>promissus</strong></span> <span class='ocrx_word' id='word_1_499' title='bbox 944 3806 1164 3889; x_wconf 80' lang='lat' dir='ltr'><strong>baptizantur:</strong></span> <span class='ocrx_word' id='word_1_500' title='bbox 1219 3805 1310 3871; x_wconf 88' lang='lat' dir='ltr'><strong>Dens</strong></span> <span class='ocrx_word' id='word_1_501' title='bbox 1331 3814 1425 3887; x_wconf 88' lang='lat' dir='ltr'><strong>pater</strong></span> <span class='ocrx_word' id='word_1_502' title='bbox 1453 3807 1572 3889; x_wconf 89' lang='lat' dir='ltr'><strong>spiritu</strong></span> <span class='ocrx_word' id='word_1_503' title='bbox 1600 3828 1659 3874; x_wconf 89' lang='lat' dir='ltr'><strong>suo</strong></span> <span class='ocrx_word' id='word_1_504' title='bbox 1688 3828 1749 3874; x_wconf 91' lang='lat' dir='ltr'><strong>nos</strong></span> <span class='ocrx_word' id='word_1_505' title='bbox 1778 3805 1921 3887; x_wconf 84' lang='lat' dir='ltr'><strong>donavit,</strong></span> <span class='ocrx_word' id='word_1_506' title='bbox 1952 3809 2044 3875; x_wconf 90' lang='lat' dir='ltr'><strong>ouius</strong></span> <span class='ocrx_word' id='word_1_507' title='bbox 2071 3809 2196 3874; x_wconf 87' lang='lat' dir='ltr'><strong>virtute</strong></span> 
     </span>
     <span class='ocr_line' id='line_1_39' title="bbox 189 3889 2197 3979; baseline -0.002 -18"><span class='ocrx_word' id='word_1_508' title='bbox 189 3915 266 3961; x_wconf 92' lang='lat' dir='ltr'><strong>nam</strong></span> <span class='ocrx_word' id='word_1_509' title='bbox 291 3916 393 3978; x_wconf 91' lang='lat' dir='ltr'><strong>quum</strong></span> <span class='ocrx_word' id='word_1_510' title='bbox 424 3897 565 3964; x_wconf 89' lang='lat' dir='ltr'><strong>effusum</strong></span> <span class='ocrx_word' id='word_1_511' title='bbox 597 3894 765 3960; x_wconf 89' lang='lat' dir='ltr'><strong>lavaorum</strong></span> <span class='ocrx_word' id='word_1_512' title='bbox 795 3889 899 3972; x_wconf 89' lang='lat' dir='ltr'><strong>dooet,</strong></span> <span class='ocrx_word' id='word_1_513' title='bbox 932 3912 997 3957; x_wconf 89' lang='lat' dir='ltr'><strong>non</strong></span> <span class='ocrx_word' id='word_1_514' title='bbox 1026 3901 1094 3956; x_wconf 89' lang='lat' dir='ltr'><strong>tam</strong></span> <span class='ocrx_word' id='word_1_515' title='bbox 1126 3891 1166 3958; x_wconf 94' lang='lat' dir='ltr'><strong>de</strong></span> <span class='ocrx_word' id='word_1_516' title='bbox 1218 3892 1350 3976; x_wconf 89' lang='lat' dir='ltr'><strong>purgati</strong></span> <span class='ocrx_word' id='word_1_517' title='bbox 1378 3901 1412 3956; x_wconf 90' lang='lat' dir='ltr'><strong>et</strong></span> <span class='ocrx_word' id='word_1_518' title='bbox 1433 3892 1583 3958; x_wconf 90' lang='lat' dir='ltr'><strong>renovati</strong></span> <span class='ocrx_word' id='word_1_519' title='bbox 1604 3914 1728 3974; x_wconf 88' lang='lat' dir='ltr'><strong>sumus,</strong></span> <span class='ocrx_word' id='word_1_520' title='bbox 1757 3893 1790 3958; x_wconf 91' lang='lat' dir='ltr'><strong>in</strong></span> <span class='ocrx_word' id='word_1_521' title='bbox 1813 3913 1852 3959; x_wconf 89' lang='lat' dir='ltr'><strong>eo</strong></span> <span class='ocrx_word' id='word_1_522' title='bbox 1880 3895 2020 3979; x_wconf 87' lang='lat' dir='ltr'><strong>positam</strong></span> <span class='ocrx_word' id='word_1_523' title='bbox 2047 3913 2118 3959; x_wconf 90' lang='lat' dir='ltr'><strong>esse</strong></span> <span class='ocrx_word' id='word_1_524' title='bbox 2141 3914 2197 3957; x_wconf 91' lang='lat' dir='ltr'><strong>no·</strong></span> 
     </span>
     <span class='ocr_line' id='line_1_40' title="bbox 188 3977 2195 4066; baseline -0 -21"><span class='ocrx_word' id='word_1_525' title='bbox 188 3981 282 4065; x_wconf 88' lang='lat' dir='ltr'><strong>signo</strong></span> <span class='ocrx_word' id='word_1_526' title='bbox 304 4003 402 4066; x_wconf 89' lang='lat' dir='ltr'><strong>quam</strong></span> <span class='ocrx_word' id='word_1_527' title='bbox 425 3980 465 4047; x_wconf 90' lang='lat' dir='ltr'><strong>de</strong></span> <span class='ocrx_word' id='word_1_528' title='bbox 488 4002 524 4048; x_wconf 89' lang='lat' dir='ltr'><strong>re</strong></span> <span class='ocrx_word' id='word_1_529' title='bbox 546 3982 678 4066; x_wconf 86' lang='lat' dir='ltr'><strong>signate</strong></span> <span class='ocrx_word' id='word_1_530' title='bbox 698 3979 853 4062; x_wconf 90' lang='lat' dir='ltr'><strong>loquitur,</strong></span> <span class='ocrx_word' id='word_1_531' title='bbox 882 3977 917 4043; x_wconf 94' lang='lat' dir='ltr'><strong>in</strong></span> <span class='ocrx_word' id='word_1_532' title='bbox 944 3997 1009 4061; x_wconf 88' lang='lat' dir='ltr'><strong>qua</strong></span> <span class='ocrx_word' id='word_1_533' title='bbox 1030 3978 1094 4044; x_wconf 88' lang='lat' dir='ltr'><strong>sita</strong></span> <span class='ocrx_word' id='word_1_534' title='bbox 1115 3983 1167 4044; x_wconf 88' lang='lat' dir='ltr'><strong>est</strong></span> <span class='ocrx_word' id='word_1_535' title='bbox 1218 3987 1320 4044; x_wconf 89' lang='lat' dir='ltr'><strong>stram</strong></span> <span class='ocrx_word' id='word_1_536' title='bbox 1341 3977 1498 4044; x_wconf 87' lang='lat' dir='ltr'><strong>salutem:</strong></span> <span class='ocrx_word' id='word_1_537' title='bbox 1521 3977 1579 4044; x_wconf 93' lang='lat' dir='ltr'><strong>sed</strong></span> <span class='ocrx_word' id='word_1_538' title='bbox 1595 3980 1673 4061; x_wconf 90' lang='lat' dir='ltr'><strong>quia</strong></span> <span class='ocrx_word' id='word_1_539' title='bbox 1693 3979 1800 4046; x_wconf 86' lang='lat' dir='ltr'><strong>adhue</strong></span> <span class='ocrx_word' id='word_1_540' title='bbox 1821 3981 1856 4044; x_wconf 90' lang='lat' dir='ltr'><strong>in</strong></span> <span class='ocrx_word' id='word_1_541' title='bbox 1878 3979 2004 4046; x_wconf 91' lang='lat' dir='ltr'><strong>mundo</strong></span> <span class='ocrx_word' id='word_1_542' title='bbox 2017 3997 2195 4061; x_wconf 89' lang='lat' dir='ltr'><strong>versamur,</strong></span> 
     </span>
     <span class='ocr_line' id='line_1_41' title="bbox 190 4062 2194 4151; baseline -0.003 -17"><span class='ocrx_word' id='word_1_543' title='bbox 190 4068 278 4151; x_wconf 89' lang='lat' dir='ltr'><strong>signi</strong></span> <span class='ocrx_word' id='word_1_544' title='bbox 307 4070 441 4135; x_wconf 87' lang='lat' dir='ltr'><strong>veritas.</strong></span> <span class='ocrx_word' id='word_1_545' title='bbox 496 4067 608 4148; x_wconf 78' lang='lat' dir='ltr'><strong>Quum</strong></span> <span class='ocrx_word' id='word_1_546' title='bbox 637 4065 714 4132; x_wconf 88' lang='lat' dir='ltr'><strong>dioit</strong></span> <span class='ocrx_word' id='word_1_547' title='bbox 742 4064 960 4149; x_wconf 89' lang='lat' dir='ltr'><strong>opulente,</strong></span> <span class='ocrx_word' id='word_1_548' title='bbox 991 4064 1165 4150; x_wconf 84' lang='lat' dir='ltr'><strong>signifieat,</strong></span> <span class='ocrx_word' id='word_1_549' title='bbox 1218 4064 1362 4130; x_wconf 91' lang='lat' dir='ltr'><strong>nondum</strong></span> <span class='ocrx_word' id='word_1_550' title='bbox 1384 4084 1443 4129; x_wconf 91' lang='lat' dir='ltr'><strong>noe</strong></span> <span class='ocrx_word' id='word_1_551' title='bbox 1465 4063 1531 4129; x_wconf 78' lang='lat' dir='ltr'><strong>frui</strong></span> <span class='ocrx_word' id='word_1_552' title='bbox 1546 4065 1615 4130; x_wconf 92' lang='lat' dir='ltr'><strong>vita</strong></span> <span class='ocrx_word' id='word_1_553' title='bbox 1633 4077 1775 4146; x_wconf 88' lang='lat' dir='ltr'><strong>aeterna,</strong></span> <span class='ocrx_word' id='word_1_554' title='bbox 1798 4074 1926 4131; x_wconf 90' lang='lat' dir='ltr'><strong>tantum</strong></span> <span class='ocrx_word' id='word_1_555' title='bbox 1945 4086 2017 4132; x_wconf 89' lang='lat' dir='ltr'><strong>eam</strong></span> <span class='ocrx_word' id='word_1_556' title='bbox 2033 4062 2194 4147; x_wconf 89' lang='lat' dir='ltr'><strong>sperando</strong></span> 
     </span>
     <span class='ocr_line' id='line_1_42' title="bbox 189 4148 1373 4238; baseline -0.003 -21"><span class='ocrx_word' id='word_1_557' title='bbox 189 4174 253 4236; x_wconf 91' lang='lat' dir='ltr'><strong>quo</strong></span> <span class='ocrx_word' id='word_1_558' title='bbox 282 4156 418 4238; x_wconf 89' lang='lat' dir='ltr'><strong>quisque</strong></span> <span class='ocrx_word' id='word_1_559' title='bbox 446 4164 595 4218; x_wconf 87' lang='lat' dir='ltr'><strong>nostrum</strong></span> <span class='ocrx_word' id='word_1_560' title='bbox 623 4151 801 4218; x_wconf 87' lang='lat' dir='ltr'><strong>maioribus</strong></span> <span class='ocrx_word' id='word_1_561' title='bbox 830 4148 923 4216; x_wconf 93' lang='lat' dir='ltr'><strong>donis</strong></span> <span class='ocrx_word' id='word_1_562' title='bbox 951 4149 1093 4230; x_wconf 89' lang='lat' dir='ltr'><strong>exoellit,</strong></span> <span class='ocrx_word' id='word_1_563' title='bbox 1126 4171 1164 4215; x_wconf 92' lang='lat' dir='ltr'><strong>eo</strong></span> <span class='ocrx_word' id='word_1_564' title='bbox 1217 4150 1373 4217; x_wconf 89' lang='lat' dir='ltr'><strong>obtinere.</strong></span> 
     </span>
     <span class='ocr_line' id='line_1_43' title="bbox 189 4235 1194 4324; baseline -0.002 -20"><span class='ocrx_word' id='word_1_565' title='bbox 189 4241 295 4324; x_wconf 89' lang='lat' dir='ltr'><strong>magis</strong></span> <span class='ocrx_word' id='word_1_566' title='bbox 317 4239 381 4307; x_wconf 92' lang='lat' dir='ltr'><strong>Dei</strong></span> <span class='ocrx_word' id='word_1_567' title='bbox 404 4238 643 4306; x_wconf 77' lang='lat' dir='ltr'><strong>misericordiae</strong></span> <span class='ocrx_word' id='word_1_568' title='bbox 669 4258 740 4304; x_wconf 89' lang='lat' dir='ltr'><strong>esse</strong></span> <span class='ocrx_word' id='word_1_569' title='bbox 761 4235 963 4318; x_wconf 88' lang='lat' dir='ltr'><strong>obstrietum,</strong></span> <span class='ocrx_word' id='word_1_570' title='bbox 993 4256 1075 4318; x_wconf 90' lang='lat' dir='ltr'><strong>quae</strong></span> <span class='ocrx_word' id='word_1_571' title='bbox 1096 4236 1166 4302; x_wconf 89' lang='lat' dir='ltr'><strong>eola</strong></span> <span class='ocrx_word' id='word_1_572' title='bbox 1193 4278 1194 4283; x_wconf 21' lang='grc' dir='ltr'><strong>κ</strong></span> 
     </span>
     <span class='ocr_line' id='line_1_44' title="bbox 189 4317 2196 4411; baseline -0.002 -19"><span class='ocrx_word' id='word_1_573' title='bbox 189 4344 250 4392; x_wconf 89' lang='lat' dir='ltr'><strong>nos</strong></span> <span class='ocrx_word' id='word_1_574' title='bbox 272 4327 456 4411; x_wconf 87' lang='lat' dir='ltr'><strong>loeupletat‚</strong></span> <span class='ocrx_word' id='word_1_575' title='bbox 482 4345 584 4410; x_wconf 92' lang='lat' dir='ltr'><strong>quum</strong></span> <span class='ocrx_word' id='word_1_576' title='bbox 606 4345 626 4390; x_wconf 88' lang='lat' dir='ltr'><strong>a</strong></span> <span class='ocrx_word' id='word_1_577' title='bbox 647 4322 741 4390; x_wconf 89' lang='lat' dir='ltr'><strong>nobis</strong></span> <span class='ocrx_word' id='word_1_578' title='bbox 761 4343 894 4406; x_wconf 87' lang='lat' dir='ltr'><strong>prorsus</strong></span> <span class='ocrx_word' id='word_1_579' title='bbox 916 4321 1073 4388; x_wconf 89' lang='lat' dir='ltr'><strong>bonorum</strong></span> <span class='ocrx_word' id='word_1_580' title='bbox 1097 4341 1165 4387; x_wconf 92' lang='lat' dir='ltr'><strong>om·</strong></span> <span class='ocrx_word' id='word_1_581' title='bbox 1304 4321 1334 4387; x_wconf 89' lang='lat'><strong>8.</strong></span> <span class='ocrx_word' id='word_1_582' title='bbox 1359 4317 1484 4388; x_wconf 80' lang='lat' dir='ltr'><strong>Fidelis</strong></span> <span class='ocrx_word' id='word_1_583' title='bbox 1504 4341 1621 4387; x_wconf 72' lang='lat' dir='ltr'><strong>sesso:</strong></span> <span class='ocrx_word' id='word_1_584' title='bbox 1646 4323 1685 4389; x_wconf 83' lang='lat' dir='ltr'><strong>de</strong></span> <span class='ocrx_word' id='word_1_585' title='bbox 1709 4322 1760 4389; x_wconf 80' lang='lat' dir='ltr'><strong>bis</strong></span> <span class='ocrx_word' id='word_1_586' title='bbox 1786 4321 1852 4388; x_wconf 84' lang='lat' dir='ltr'><strong>volo</strong></span> <span class='ocrx_word' id='word_1_587' title='bbox 1876 4326 1910 4387; x_wconf 81' lang='lat' dir='ltr'><strong>ut</strong></span> <span class='ocrx_word' id='word_1_588' title='bbox 1937 4320 2107 4404; x_wconf 66' lang='lat' dir='ltr'><strong>merientes</strong></span> <span class='ocrx_word' id='word_1_589' title='bbox 2134 4340 2196 4404; x_wconf 84' lang='lat' dir='ltr'><strong>quo</strong></span> 
     </span>
     <span class='ocr_line' id='line_1_45' title="bbox 189 4405 2194 4496; baseline -0.002 -20"><span class='ocrx_word' id='word_1_590' title='bbox 189 4411 281 4479; x_wconf 89' lang='lat' dir='ltr'><strong>nium</strong></span> <span class='ocrx_word' id='word_1_591' title='bbox 303 4416 417 4496; x_wconf 90' lang='lat' dir='ltr'><strong>inopes</strong></span> <span class='ocrx_word' id='word_1_592' title='bbox 438 4434 476 4479; x_wconf 91' lang='lat' dir='ltr'><strong>ao</strong></span> <span class='ocrx_word' id='word_1_593' title='bbox 499 4411 595 4478; x_wconf 88' lang='lat' dir='ltr'><strong>vaoui</strong></span> <span class='ocrx_word' id='word_1_594' title='bbox 614 4410 726 4478; x_wconf 91' lang='lat' dir='ltr'><strong>simus.</strong></span> <span class='ocrx_word' id='word_1_595' title='bbox 771 4407 809 4475; x_wconf 84' lang='lat' dir='ltr'><strong>si</strong></span> <span class='ocrx_word' id='word_1_596' title='bbox 833 4407 907 4492; x_wconf 88' lang='lat' dir='ltr'><strong>quis</strong></span> <span class='ocrx_word' id='word_1_597' title='bbox 928 4406 1068 4487; x_wconf 89' lang='lat' dir='ltr'><strong>obiioiat,</strong></span> <span class='ocrx_word' id='word_1_598' title='bbox 1094 4428 1165 4493; x_wconf 90' lang='lat' dir='ltr'><strong>non</strong></span> <span class='ocrx_word' id='word_1_599' title='bbox 1219 4406 1308 4473; x_wconf 78' lang='lat' dir='ltr'><strong>bonis</strong></span> <span class='ocrx_word' id='word_1_600' title='bbox 1330 4406 1474 4490; x_wconf 77' lang='lat' dir='ltr'><strong>operibus</strong></span> <span class='ocrx_word' id='word_1_601' title='bbox 1500 4427 1648 4490; x_wconf 67' lang='lat' dir='ltr'><strong>prooem</strong></span> <span class='ocrx_word' id='word_1_602' title='bbox 1676 4414 1784 4476; x_wconf 70' lang='lat' dir='ltr'><strong>eurem</strong></span> <span class='ocrx_word' id='word_1_603' title='bbox 1810 4405 1866 4491; x_wconf 69' lang='lat' dir='ltr'><strong>qao·</strong></span> <span class='ocrx_word' id='word_1_604' title='bbox 1892 4407 2090 4475; x_wconf 60' lang='lat' dir='ltr'><strong>eraderent</strong></span> <span class='ocrx_word' id='word_1_605' title='bbox 2117 4406 2194 4474; x_wconf 85' lang='lat' dir='ltr'><strong>Deo.</strong></span> 
     </span>
     <span class='ocr_line' id='line_1_46' title="bbox 189 4491 2196 4580; baseline -0.002 -16"><span class='ocrx_word' id='word_1_606' title='bbox 189 4518 303 4566; x_wconf 90' lang='lat' dir='ltr'><strong>omnes</strong></span> <span class='ocrx_word' id='word_1_607' title='bbox 330 4499 394 4566; x_wconf 91' lang='lat' dir='ltr'><strong>Dei</strong></span> <span class='ocrx_word' id='word_1_608' title='bbox 424 4498 508 4564; x_wconf 90' lang='lat' dir='ltr'><strong>filios</strong></span> <span class='ocrx_word' id='word_1_609' title='bbox 538 4505 650 4563; x_wconf 90' lang='lat' dir='ltr'><strong>tantae</strong></span> <span class='ocrx_word' id='word_1_610' title='bbox 679 4494 864 4580; x_wconf 89' lang='lat' dir='ltr'><strong>opulentiae</strong></span> <span class='ocrx_word' id='word_1_611' title='bbox 891 4513 962 4559; x_wconf 91' lang='lat' dir='ltr'><strong>esse</strong></span> <span class='ocrx_word' id='word_1_612' title='bbox 990 4503 1166 4578; x_wconf 88' lang='lat' dir='ltr'><strong>oompotes,</strong></span> <span class='ocrx_word' id='word_1_613' title='bbox 1220 4493 1308 4559; x_wconf 84' lang='lat' dir='ltr'><strong>Hoee</strong></span> <span class='ocrx_word' id='word_1_614' title='bbox 1321 4493 1405 4559; x_wconf 80' lang='lat' dir='ltr'><strong>euim</strong></span> <span class='ocrx_word' id='word_1_615' title='bbox 1418 4492 1545 4560; x_wconf 73' lang='lat' dir='ltr'><strong>honesto</strong></span> <span class='ocrx_word' id='word_1_616' title='bbox 1559 4499 1632 4561; x_wconf 80' lang='lat' dir='ltr'><strong>suet</strong></span> <span class='ocrx_word' id='word_1_617' title='bbox 1652 4495 1787 4560; x_wconf 52' lang='lat' dir='ltr'><strong>duilio</strong></span> <span class='ocrx_word' id='word_1_618' title='bbox 1800 4492 1985 4560; x_wconf 65' lang='lat' dir='ltr'><strong>lominum.</strong></span> <span class='ocrx_word' id='word_1_619' title='bbox 2022 4493 2053 4560; x_wconf 82' lang='lat'><strong>9.</strong></span> <span class='ocrx_word' id='word_1_620' title='bbox 2076 4491 2196 4560; x_wconf 79' lang='lat' dir='ltr'><strong>Stultos</strong></span> 
     </span>
     <span class='ocr_line' id='line_1_47' title="bbox 190 4578 2196 4669; baseline -0.002 -19"><span class='ocrx_word' id='word_1_621' title='bbox 190 4587 270 4669; x_wconf 90' lang='lat' dir='ltr'><strong>quin</strong></span> <span class='ocrx_word' id='word_1_622' title='bbox 292 4587 400 4669; x_wconf 87' lang='lat' dir='ltr'><strong>potius</strong></span> <span class='ocrx_word' id='word_1_623' title='bbox 414 4583 479 4651; x_wconf 92' lang='lat' dir='ltr'><strong>Dei</strong></span> <span class='ocrx_word' id='word_1_624' title='bbox 501 4584 643 4668; x_wconf 87' lang='lat' dir='ltr'><strong>gratiam</strong></span> <span class='ocrx_word' id='word_1_625' title='bbox 667 4581 808 4647; x_wconf 89' lang='lat' dir='ltr'><strong>tenuiter</strong></span> <span class='ocrx_word' id='word_1_626' title='bbox 829 4582 863 4645; x_wconf 94' lang='lat' dir='ltr'><strong>in</strong></span> <span class='ocrx_word' id='word_1_627' title='bbox 882 4580 1003 4646; x_wconf 92' lang='lat' dir='ltr'><strong>multos</strong></span> <span class='ocrx_word' id='word_1_628' title='bbox 1024 4578 1165 4645; x_wconf 73' lang='lat' dir='ltr'><strong>stillaret</strong></span> <span class='ocrx_word' id='word_1_629' title='bbox 1219 4583 1322 4646; x_wconf 76' lang='lat' dir='ltr'><strong>aretem</strong></span> <span class='ocrx_word' id='word_1_630' title='bbox 1352 4580 1546 4661; x_wconf 63' lang='lat' dir='ltr'><strong>uenationes</strong></span> <span class='ocrx_word' id='word_1_631' title='bbox 1575 4585 1602 4646; x_wconf 82' lang='lat' dir='ltr'><strong>et</strong></span> <span class='ocrx_word' id='word_1_632' title='bbox 1627 4579 1833 4664; x_wconf 72' lang='lat' dir='ltr'><strong>qmealooios,</strong></span> <span class='ocrx_word' id='word_1_633' title='bbox 1866 4585 1894 4646; x_wconf 84' lang='lat' dir='ltr'><strong>et</strong></span> <span class='ocrx_word' id='word_1_634' title='bbox 1925 4580 2126 4646; x_wconf 72' lang='lat' dir='ltr'><strong>montom</strong></span> <span class='ocrx_word' id='word_1_635' title='bbox 2158 4597 2196 4646; x_wconf 83' lang='lat' dir='ltr'><strong>oe</strong></span> 
     </span>
     <span class='ocr_line' id='line_1_48' title="bbox 190 4664 2194 4756; baseline -0.002 -19"><span class='ocrx_word' id='word_1_636' title='bbox 190 4672 359 4756; x_wconf 89' lang='lat' dir='ltr'><strong>responsio</strong></span> <span class='ocrx_word' id='word_1_637' title='bbox 380 4679 441 4755; x_wconf 91' lang='lat' dir='ltr'><strong>est,</strong></span> <span class='ocrx_word' id='word_1_638' title='bbox 470 4669 594 4736; x_wconf 91' lang='lat' dir='ltr'><strong>nemini</strong></span> <span class='ocrx_word' id='word_1_639' title='bbox 621 4666 772 4734; x_wconf 87' lang='lat' dir='ltr'><strong>distribui</strong></span> <span class='ocrx_word' id='word_1_640' title='bbox 799 4676 867 4732; x_wconf 92' lang='lat' dir='ltr'><strong>tam</strong></span> <span class='ocrx_word' id='word_1_641' title='bbox 892 4666 1047 4751; x_wconf 88' lang='lat' dir='ltr'><strong>exiguam</strong></span> <span class='ocrx_word' id='word_1_642' title='bbox 1076 4686 1167 4732; x_wconf 90' lang='lat' dir='ltr'><strong>men·</strong></span> <span class='ocrx_word' id='word_1_643' title='bbox 1213 4685 1347 4750; x_wconf 73' lang='lat' dir='ltr'><strong>popone</strong></span> <span class='ocrx_word' id='word_1_644' title='bbox 1360 4664 1473 4749; x_wconf 69' lang='lat' dir='ltr'><strong>legales</strong></span> <span class='ocrx_word' id='word_1_645' title='bbox 1485 4666 1601 4733; x_wconf 67' lang='lat' dir='ltr'><strong>enee:</strong></span> <span class='ocrx_word' id='word_1_646' title='bbox 1614 4664 2194 4749; x_wconf 73' lang='lat' dir='ltr'><strong>erutonimioutt‘lesoosuperooouae.</strong></span> 
     </span>
     <span class='ocr_line' id='line_1_49' title="bbox 190 4751 1166 4842; baseline -0.009 -17"><span class='ocrx_word' id='word_1_647' title='bbox 190 4777 311 4838; x_wconf 89' lang='lat' dir='ltr'><strong>suram,</strong></span> <span class='ocrx_word' id='word_1_648' title='bbox 334 4758 414 4842; x_wconf 90' lang='lat' dir='ltr'><strong>quin</strong></span> <span class='ocrx_word' id='word_1_649' title='bbox 435 4777 515 4823; x_wconf 89' lang='lat' dir='ltr'><strong>vere</strong></span> <span class='ocrx_word' id='word_1_650' title='bbox 535 4755 661 4823; x_wconf 89' lang='lat' dir='ltr'><strong>oenseri</strong></span> <span class='ocrx_word' id='word_1_651' title='bbox 683 4754 786 4838; x_wconf 89' lang='lat' dir='ltr'><strong>possit</strong></span> <span class='ocrx_word' id='word_1_652' title='bbox 807 4751 913 4819; x_wconf 92' lang='lat' dir='ltr'><strong>dives:</strong></span> <span class='ocrx_word' id='word_1_653' title='bbox 936 4751 1090 4835; x_wconf 83' lang='lat' dir='ltr'><strong>quoniam</strong></span> <span class='ocrx_word' id='word_1_654' title='bbox 1105 4751 1166 4818; x_wconf 92' lang='lat' dir='ltr'><strong>mi·</strong></span> 
     </span>
     <span class='ocr_line' id='line_1_50' title="bbox 191 4832 2195 4928; baseline -0.003 -19"><span class='ocrx_word' id='word_1_655' title='bbox 191 4845 280 4910; x_wconf 91' lang='lat' dir='ltr'><strong>nima</strong></span> <span class='ocrx_word' id='word_1_656' title='bbox 301 4844 437 4927; x_wconf 89' lang='lat' dir='ltr'><strong>spiritus</strong></span> <span class='ocrx_word' id='word_1_657' title='bbox 459 4851 554 4928; x_wconf 86' lang='lat' dir='ltr'><strong>gutta</strong></span> <span class='ocrx_word' id='word_1_658' title='bbox 582 4841 634 4927; x_wconf 89' lang='lat' dir='ltr'><strong>(ut</strong></span> <span class='ocrx_word' id='word_1_659' title='bbox 656 4841 703 4906; x_wconf 91' lang='lat' dir='ltr'><strong>ita</strong></span> <span class='ocrx_word' id='word_1_660' title='bbox 723 4839 852 4923; x_wconf 89' lang='lat' dir='ltr'><strong>loquar)</strong></span> <span class='ocrx_word' id='word_1_661' title='bbox 881 4837 985 4907; x_wconf 90' lang='lat' dir='ltr'><strong>veluti</strong></span> <span class='ocrx_word' id='word_1_662' title='bbox 1012 4839 1166 4923; x_wconf 89' lang='lat' dir='ltr'><strong>perennis</strong></span> <span class='ocrx_word' id='word_1_663' title='bbox 1305 4837 1336 4904; x_wconf 84' lang='lat'><strong>8.</strong></span> <span class='ocrx_word' id='word_1_664' title='bbox 1372 4835 1496 4903; x_wconf 78' lang='lat' dir='ltr'><strong>Fidelis</strong></span> <span class='ocrx_word' id='word_1_665' title='bbox 1521 4856 1632 4904; x_wconf 76' lang='lat' dir='ltr'><strong>semro.</strong></span> <span class='ocrx_word' id='word_1_666' title='bbox 1674 4832 1771 4902; x_wconf 87' lang='lat' dir='ltr'><strong>Hane</strong></span> <span class='ocrx_word' id='word_1_667' title='bbox 1803 4836 2024 4921; x_wconf 87' lang='lat' dir='ltr'><strong>loquutionem</strong></span> <span class='ocrx_word' id='word_1_668' title='bbox 2059 4843 2195 4921; x_wconf 88' lang='lat' dir='ltr'><strong>usurpat</strong></span> 
     </span>
     <span class='ocr_line' id='line_1_51' title="bbox 190 4919 2194 5014; baseline -0.002 -21"><span class='ocrx_word' id='word_1_669' title='bbox 190 4930 265 4996; x_wconf 80' lang='lat' dir='ltr'><strong>fons</strong></span> <span class='ocrx_word' id='word_1_670' title='bbox 286 4945 336 4996; x_wconf 93' lang='lat' dir='ltr'><strong>est</strong></span> <span class='ocrx_word' id='word_1_671' title='bbox 358 4930 412 5014; x_wconf 92' lang='lat' dir='ltr'><strong>qui</strong></span> <span class='ocrx_word' id='word_1_672' title='bbox 435 4947 606 5012; x_wconf 90' lang='lat' dir='ltr'><strong>nunquam</strong></span> <span class='ocrx_word' id='word_1_673' title='bbox 624 4925 752 4994; x_wconf 74' lang='lat' dir='ltr'><strong>messit.</strong></span> <span class='ocrx_word' id='word_1_674' title='bbox 788 4925 880 5010; x_wconf 81' lang='lat' dir='ltr'><strong>Ergo</strong></span> <span class='ocrx_word' id='word_1_675' title='bbox 901 4923 943 4990; x_wconf 90' lang='lat' dir='ltr'><strong>ad</strong></span> <span class='ocrx_word' id='word_1_676' title='bbox 965 4923 1166 5007; x_wconf 88' lang='lat' dir='ltr'><strong>opulentiam</strong></span> <span class='ocrx_word' id='word_1_677' title='bbox 1220 4943 1323 5007; x_wconf 90' lang='lat' dir='ltr'><strong>quum</strong></span> <span class='ocrx_word' id='word_1_678' title='bbox 1343 4921 1467 5005; x_wconf 90' lang='lat' dir='ltr'><strong>aliquid</strong></span> <span class='ocrx_word' id='word_1_679' title='bbox 1489 4920 1563 4989; x_wconf 89' lang='lat' dir='ltr'><strong>vult</strong></span> <span class='ocrx_word' id='word_1_680' title='bbox 1583 4919 1668 4988; x_wconf 86' lang='lat' dir='ltr'><strong>serio</strong></span> <span class='ocrx_word' id='word_1_681' title='bbox 1688 4940 1849 4988; x_wconf 82' lang='lat' dir='ltr'><strong>asserere:</strong></span> <span class='ocrx_word' id='word_1_682' title='bbox 1872 4922 2144 5006; x_wconf 89' lang='lat' dir='ltr'><strong>quemadmodum</strong></span> <span class='ocrx_word' id='word_1_683' title='bbox 2158 4922 2194 4989; x_wconf 90' lang='lat' dir='ltr'><strong>in</strong></span> 
     </span>
     <span class='ocr_line' id='line_1_52' title="bbox 190 5006 2196 5101; baseline -0.003 -21"><span class='ocrx_word' id='word_1_684' title='bbox 190 5013 319 5097; x_wconf 84' lang='lat' dir='ltr'><strong>suffieit,</strong></span> <span class='ocrx_word' id='word_1_685' title='bbox 349 5015 446 5101; x_wconf 92' lang='lat' dir='ltr'><strong>quod,</strong></span> <span class='ocrx_word' id='word_1_686' title='bbox 474 5013 796 5101; x_wconf 86' lang='lat' dir='ltr'><strong>quantulumeunque</strong></span> <span class='ocrx_word' id='word_1_687' title='bbox 824 5010 917 5080; x_wconf 90' lang='lat' dir='ltr'><strong>nobis</strong></span> <span class='ocrx_word' id='word_1_688' title='bbox 946 5009 1051 5090; x_wconf 90' lang='lat' dir='ltr'><strong>detur,</strong></span> <span class='ocrx_word' id='word_1_689' title='bbox 1082 5031 1166 5076; x_wconf 90' lang='lat' dir='ltr'><strong>nun·</strong></span> <span class='ocrx_word' id='word_1_690' title='bbox 1220 5020 1358 5092; x_wconf 89' lang='lat' dir='ltr'><strong>utraque</strong></span> <span class='ocrx_word' id='word_1_691' title='bbox 1378 5009 1421 5073; x_wconf 91' lang='lat' dir='ltr'><strong>ad</strong></span> <span class='ocrx_word' id='word_1_692' title='bbox 1442 5007 1651 5074; x_wconf 69' lang='lat' dir='ltr'><strong>Timotheum</strong></span> <span class='ocrx_word' id='word_1_693' title='bbox 1673 5006 1810 5090; x_wconf 86' lang='lat' dir='ltr'><strong>epistola</strong></span> <span class='ocrx_word' id='word_1_694' title='bbox 1832 5008 1982 5075; x_wconf 91' lang='lat' dir='ltr'><strong>vidimus.</strong></span> <span class='ocrx_word' id='word_1_695' title='bbox 2016 5008 2095 5074; x_wconf 90' lang='lat' dir='ltr'><strong>Ideo</strong></span> <span class='ocrx_word' id='word_1_696' title='bbox 2116 5028 2196 5074; x_wconf 92' lang='lat' dir='ltr'><strong>mox</strong></span> 
     </span>
     <span class='ocr_line' id='line_1_53' title="bbox 191 5091 2196 5184; baseline -0.002 -18"><span class='ocrx_word' id='word_1_697' title='bbox 191 5120 288 5184; x_wconf 87' lang='lat' dir='ltr'><strong>quam</strong></span> <span class='ocrx_word' id='word_1_698' title='bbox 311 5101 447 5168; x_wconf 86' lang='lat' dir='ltr'><strong>detioiat</strong></span> <span class='ocrx_word' id='word_1_699' title='bbox 1220 5093 1359 5173; x_wconf 89' lang='lat' dir='ltr'><strong>subiioit,</strong></span> <span class='ocrx_word' id='word_1_700' title='bbox 1381 5092 1478 5161; x_wconf 93' lang='lat' dir='ltr'><strong>volo</strong></span> <span class='ocrx_word' id='word_1_701' title='bbox 1501 5103 1544 5160; x_wconf 93' lang='lat' dir='ltr'><strong>ut</strong></span> <span class='ocrx_word' id='word_1_702' title='bbox 1565 5091 1816 5177; x_wconf 85' lang='lat' dir='ltr'><strong>ooniirmss,</strong></span> <span class='ocrx_word' id='word_1_703' title='bbox 1847 5092 2110 5181; x_wconf 68' lang='grc' dir='ltr'>διαβεβαιοῦσθαι</span> <span class='ocrx_word' id='word_1_704' title='bbox 2135 5093 2196 5162; x_wconf 91' lang='lat' dir='ltr'><strong>sub</strong></span> 
     </span>
     <span class='ocr_line' id='line_1_54' title="bbox 193 5178 2196 5266; baseline -0.005 -7"><span class='ocrx_word' id='word_1_705' title='bbox 193 5252 196 5259; x_wconf 81' lang='grc'><em>.</em></span> <span class='ocrx_word' id='word_1_706' title='bbox 279 5185 343 5254; x_wconf 80' lang='lat' dir='ltr'><strong>Per</strong></span> <span class='ocrx_word' id='word_1_707' title='bbox 361 5188 470 5255; x_wconf 82' lang='lat' dir='ltr'><strong>Iesum</strong></span> <span class='ocrx_word' id='word_1_708' title='bbox 489 5184 659 5256; x_wconf 70' lang='lat' dir='ltr'><strong>Gbisbtra</strong></span> <span class='ocrx_word' id='word_1_709' title='bbox 697 5183 733 5250; x_wconf 90' lang='lat' dir='ltr'><strong>Is</strong></span> <span class='ocrx_word' id='word_1_710' title='bbox 755 5185 843 5249; x_wconf 93' lang='lat' dir='ltr'><strong>enim</strong></span> <span class='ocrx_word' id='word_1_711' title='bbox 863 5182 953 5248; x_wconf 86' lang='lat' dir='ltr'><strong>eolus</strong></span> <span class='ocrx_word' id='word_1_712' title='bbox 975 5191 1025 5248; x_wconf 90' lang='lat' dir='ltr'><strong>est</strong></span> <span class='ocrx_word' id='word_1_713' title='bbox 1046 5183 1082 5249; x_wconf 91' lang='lat' dir='ltr'><strong>in</strong></span> <span class='ocrx_word' id='word_1_714' title='bbox 1103 5199 1168 5266; x_wconf 91' lang='lat' dir='ltr'><strong>quo</strong></span> <span class='ocrx_word' id='word_1_715' title='bbox 1243 5181 1352 5248; x_wconf 87' lang='lat' dir='ltr'><strong>assiva</strong></span> <span class='ocrx_word' id='word_1_716' title='bbox 1374 5180 1603 5247; x_wconf 86' lang='lat' dir='ltr'><strong>terminatione</strong></span> <span class='ocrx_word' id='word_1_717' title='bbox 1626 5180 1767 5246; x_wconf 82' lang='lat' dir='ltr'><strong>estivam</strong></span> <span class='ocrx_word' id='word_1_718' title='bbox 1795 5178 2067 5262; x_wconf 86' lang='lat' dir='ltr'><strong>signifieationem</strong></span> <span class='ocrx_word' id='word_1_719' title='bbox 2088 5179 2196 5248; x_wconf 86' lang='lat' dir='ltr'><strong>babet.</strong></span> 
     </span>
     <span class='ocr_line' id='line_1_55' title="bbox 191 5202 2196 5358; baseline -0.002 -21"><span class='ocrx_word' id='word_1_720' title='bbox 191 5270 395 5357; x_wconf 77' lang='lat' dir='ltr'><strong>adoptamur.</strong></span> <span class='ocrx_word' id='word_1_721' title='bbox 434 5275 524 5358; x_wconf 79' lang='lat' dir='ltr'><strong>Ergo</strong></span> <span class='ocrx_word' id='word_1_722' title='bbox 545 5270 632 5336; x_wconf 91' lang='lat' dir='ltr'><strong>idem</strong></span> <span class='ocrx_word' id='word_1_723' title='bbox 654 5279 704 5338; x_wconf 88' lang='lat' dir='ltr'><strong>est</strong></span> <span class='ocrx_word' id='word_1_724' title='bbox 726 5287 902 5355; x_wconf 88' lang='lat' dir='ltr'><strong>perquem</strong></span> <span class='ocrx_word' id='word_1_725' title='bbox 924 5266 1169 5351; x_wconf 83' lang='lat' dir='ltr'><strong>elfioimurspi·</strong></span> <span class='ocrx_word' id='word_1_726' title='bbox 1220 5202 1395 5351; x_wconf 60' lang='lat' dir='ltr'><strong>gignidoat</strong></span> <span class='ocrx_word' id='word_1_727' title='bbox 1415 5273 1527 5333; x_wconf 87' lang='lat' dir='ltr'><strong>autem</strong></span> <span class='ocrx_word' id='word_1_728' title='bbox 1548 5271 1774 5332; x_wconf 84' lang='lat' dir='ltr'><strong>asseveranter</strong></span> <span class='ocrx_word' id='word_1_729' title='bbox 1788 5263 1911 5346; x_wconf 90' lang='lat' dir='ltr'><strong>aliquid</strong></span> <span class='ocrx_word' id='word_1_730' title='bbox 1933 5263 2050 5334; x_wconf 89' lang='lat' dir='ltr'><strong>dioere.</strong></span> <span class='ocrx_word' id='word_1_731' title='bbox 2086 5266 2196 5349; x_wconf 79' lang='lat' dir='ltr'><strong>Quare</strong></span> 
     </span>
    </p>
   </div>
   <div class='ocr_carea' id='block_1_3' title="bbox 0 0 2390 6016">
    <p class='ocr_par' dir='ltr' id='par_1_3' title="bbox 0 0 2390 6016">
     <span class='ocr_line' id='line_1_56' title="bbox 0 0 2390 6016; baseline 0 0"><span class='ocrx_word' id='word_1_732' title='bbox 0 0 2390 6016; x_wconf 95' lang='lat' dir='ltr'><strong> </strong></span> 
     </span>
    </p>
   </div>
  </div>
 </body>
</html>
