4762 6016
187 399 229 464 oe
411 346 414 351 ⁵
1073 393 1282 464 *narone
2141 396 2184 465 aa

184 611 267 675 qaae
286 588 367 657 etti
386 589 464 657 doto
484 593 528 656 eet
548 608 627 672 erpo
639 610 703 668 vos,
724 588 767 654 od
780 588 974 671 opaeum
987 607 1159 654 sermonen
1211 589 1395 653 fruetuosae
1422 589 1489 652 sint
1519 587 1686 671 passiones
1716 605 1807 667 snae,
1838 609 1944 673 neque
1965 592 2087 673 paneis.
2099 591 2183 659 dnn·

185 676 270 747 Det.-
308 676 361 742 26.
381 676 563 760 mysterium
578 674 771 742 reoonditam
787 694 808 739 o
827 674 964 740 sareulis
985 678 1013 738 et
1031 694 1160 758 qenero-
1211 682 1312 752 taxat,
1330 673 1387 738 sed
1407 672 1465 737 toti
1484 671 1649 739 eoelesiae.
1677 672 1775 738 Prius
1793 672 1923 740 dixerat
1936 697 1995 758 pro
2012 675 2183 744 Oolossen·

186 761 340 842 tioeibae,
384 762 467 844 φιοᾶ
507 781 593 829 meae
634 761 803 826 rsestaesm
840 764 886 825 est
923 760 1042 826 sanetis
1081 760 1159 842 eius,
1211 759 1300 825 sibus
1329 780 1364 824 se
1390 759 1470 842 pati.
1499 758 1617 824 ¹Nune
1644 757 1787 841 amplius
1815 761 1941 840 asserit,
1970 762 2113 829 bnotum
2142 764 2183 830 ad

186 847 241 915 at.
262 846 375 930 quibus
401 847 499 914 uoluit
525 846 614 914 Dese
635 846 810 927 patefacere
835 865 916 927 quoe
943 847 1009 911 siet
1027 845 1160 912 diuitiae
1211 854 1313 910 totam
1343 844 1513 910 eoelesiam
1542 846 1725 927 pervenire.
1769 843 1823 909 De
1845 866 1909 929 quo
1930 847 2038 913 lruotu
2060 848 2184 916 dietum

183 933 306 1018 glorios
325 934 467 1016 mysterii
486 931 582 998 totos
601 932 638 997 io
652 931 804 1016 gentibue,
825 929 1108 1014 quemchristus
1123 932 1160 996 ιἰι
1211 940 1260 997 est
1281 930 1322 996 ad
1346 929 1574 1012 Philippenses
1595 931 1702 1014 eapite
1724 930 1753 1009 1,
1775 931 1827 996 12.
1862 930 1950 1012 Quid
1973 933 2034 998 hae
2055 936 2184 1018 exposi-

185 1019 282 1100 soter,
304 1038 378 1100 apes
401 1018 541 1103 phetae:
584 1018 636 1084 28.
654 1037 745 1100 quem
759 1037 816 1083 noe
841 1018 1072 1098 praedicemus,
1102 1018 1159 1084 od-
1211 1019 1300 1081 tione
1322 1015 1440 1081 elarius
1462 1017 1636 1099 minusque
1657 1027 1816 1102 mmtum,
1838 1028 1873 1082 et
1894 1019 2000 1101 magis
2017 1018 2182 1103 simplex?

185 1109 474 1172 mteomnem
490 1104 652 1184 homnem,
675 1103 987 1169 etdoeeeteeomeem
1003 1101 1160 1168 donem
1211 1102 1351 1168 Paulum
1384 1101 1458 1167 ideo
1489 1103 1523 1166 in
1558 1103 1809 1185 persequutione
1841 1104 1963 1169 laetum
1992 1125 2074 1190 esse,
2107 1107 2184 1189 qnia

186 1191 223 1256 te
243 1191 329 1256 omas'
355 1190 523 1274 sasemis,
549 1196 585 1256 ιιι
603 1192 757 1256 wreus
777 1209 896 1256 omnem
917 1189 1070 1255 dominere
1087 1209 1158 1270 per-
1212 1201 1350 1271 rsputst,
1373 1185 1459 1271 qnod
1481 1186 1559 1251 alibi
1580 1189 1693 1254 seribit
1714 1188 1759 1267 (2.
1776 1188 1886 1254 Ooriu.
1901 1189 1933 1266 4,
1956 1189 2021 1276 10),
2043 1191 2181 1258 eiroum·

186 1275 300 1429 mm
331 1276 366 1341 ie
398 1273 522 1342 Christo
555 1276 640 1342 Ieea.
684 1275 737 1341 29.
765 1274 809 1339 Ie
840 1295 936 1358 quoae
967 1295 1034 1340 rem
1066 1275 1161 1341 etium
1212 1273 1378 1339 terendam
1408 1294 1479 1338 esso
1511 1274 1795 1340 mortifioationem
1829 1274 1954 1342 Uhristi
1983 1280 2019 1342 in
2050 1298 2184 1361 aorpore

277 1381 306 1445 o,
328 1362 486 1428 decertasse
506 1363 677 1429 araneosa
694 1361 862 1444 edentium
882 1363 960 1444 οιίιι,
991 1380 1072 1443 quoe
1092 1381 1160 1443 ope·
1212 1370 1332 1437 nostro,
1366 1369 1402 1424 ιιι
1435 1360 1502 1423 vita
1533 1360 1604 1425 eius
1632 1360 1858 1426 manifestetur
1885 1363 1920 1426 in
1951 1362 2054 1429 nobis.
2099 1364 2184 1431 Item

186 1452 280 1514 ratur
299 1449 335 1514 ie
355 1467 405 1513 me
421 1452 567 1530 potenter.
594 1506 596 1511 .
1212 1446 1253 1511 ad
1293 1443 1500 1511 Timotheum
1540 1443 1843 1531 (2.eim.2,11):
1882 1447 1919 1514 si
1958 1450 2184 1531 oompatimnr,

1212 1532 1309 1597 etiem
1329 1531 1425 1595 simul
1442 1539 1650 1613 regnaturos:
1672 1533 1700 1597 ei
1716 1533 1954 1606 oommorimur,
1973 1535 2185 1601 etiamsimul

273 1618 326 1684 24„
364 1619 459 1685 Nune
501 1619 634 1702 peredeo.
688 1616 787 1683 Prius
824 1638 844 1683 a
879 1618 1052 1684 voeatione
1097 1618 1159 1684 eibi
1214 1619 1370 1683 viaturos:
1401 1616 1528 1681 felioom
1557 1617 1659 1700 igitur
1686 1629 1719 1682 et
1747 1618 1924 1701 gloriosum
1955 1623 2079 1685 exitum
2108 1622 2184 1688 lore.

187 1707 395 1771 autoritatem
418 1705 577 1770 asseruitz
599 1724 688 1770 nnno
710 1714 818 1769 eutem
841 1715 988 1786 oooupat,
1017 1704 1159 1787 nequid
1213 1701 1342 1767 Deinde
1376 1723 1441 1767 uon
1474 1703 1685 1768 reonsandam
1723 1725 1794 1769 osse
1830 1705 2047 1770 eonditiooem
2085 1726 2183 1788 quam

187 1791 228 1857 de
249 1791 448 1873 apostolatus
469 1791 521 1855 sni
542 1788 665 1856 honore
685 1788 859 1855 detrahent
881 1790 1011 1855 vineola
1033 1801 1064 1855 et
1086 1811 1158 1872 per·
1213 1788 1368 1853 eoelesiae
1391 1809 1468 1853 sueo
1496 1789 1662 1853 ordinavit
1684 1787 1785 1867 Deus,
1817 1800 1855 1854 nt
1883 1793 2029 1856 membra
2058 1791 2184 1858 Ubristi

186 1878 396 1960 sequntiones
424 1897 506 1959 qnae
538 1897 598 1958 pro
627 1874 798 1958 evangelio
827 1876 1020 1941 sustinebat
1072 1875 1159 1941 Nam
1212 1886 1447 1955 oongruentem
1476 1895 1551 1940 oum
1573 1895 1632 1938 suo
1653 1876 1759 1956 eapite
1781 1879 2006 1959 symmetriam
2029 1877 2184 1945 habeant.

186 1963 259 2028 istie
286 1965 383 2027 etiem
413 1963 635 2028 ooeasionibus
665 1961 811 2026 abutitur
834 1959 948 2039 Satan,
979 1973 1017 2027 ut
1047 1983 1160 2028 servos
1212 1960 1334 2040 Pertio,
1363 1960 1500 2025 libenter
1531 1960 1741 2043 perferendas
1767 1982 1837 2025 esse
1866 1963 2071 2041 afflietiones,
2102 1985 2185 2047 quae

185 2045 253 2113 Dei
289 2049 421 2114 viliores
458 2047 584 2112 reddat.
639 2047 814 2113 Praeterea
851 2049 975 2112 animat
1010 2069 1065 2113 eos
1101 2069 1160 2113 suo
1213 2046 1310 2111 utiles
1331 2048 1396 2110 sint
1418 2046 1481 2128 piis
1502 2047 1661 2130 omnibus,
1692 2057 1724 2111 et
1747 2049 1845 2112 totius
1867 2049 2021 2114 seolseias
2042 2050 2182 2116 salutem

185 2133 345 2216 exemplo,
375 2154 416 2199 ns
439 2133 745 2216 persequutionibus
767 2144 968 2198 terreantur:
996 2143 1030 2199 st
1051 2133 1158 2198 aslum
1212 2143 1436 2216 promoveant,
1466 2132 1627 2215 evangelii
1657 2133 1837 2197 doetrinam
1864 2133 2069 2200 illustrando.
2122 2138 2185 2201 At·

185 2239 282 2286 annm
303 2220 518 2297 oommsodat,
547 2232 583 2284 ut
607 2221 681 2302 plns
703 2218 822 2284 hebeat
843 2219 1026 2302 gravitatis.
1070 2219 1158 2300 Quin
1212 2221 1266 2299 qui
1302 2219 1352 2283 his
1386 2219 1536 2283 omnibns
1569 2219 1764 2301 posthabitis
1799 2230 1833 2282 et
1862 2220 2027 2302 usgleotis,
2060 2242 2183 2286 novum

185 2305 285 2375 etiam
308 2327 373 2370 non
396 2306 525 2389 vulgari
549 2306 686 2389 pignore
716 2327 813 2371 sunm
837 2325 916 2390 erga
938 2327 993 2370 eos
1014 2326 1159 2369 amorem
1212 2319 1430 2369 oommeotnm
1461 2305 1665 2370 exendernnt
1694 2306 1849 2387 papistae,
1880 2325 1945 2387 quo
1973 2325 2050 2371 suaa
2078 2305 2184 2372 indul-

185 2401 341 2456 teetatnm
364 2392 480 2467 reddit,
504 2391 582 2455 dum
604 2411 640 2456 se
659 2390 796 2457 libenter
812 2412 924 2456 eorum
942 2411 1041 2456 eausa
1058 2392 1158 2455 afflio·
1212 2393 1341 2473 gentina
1372 2390 1556 2472 probarent.
1601 2389 1829 2473 Indulgentiae
1858 2401 1977 2455 vooent
2005 2411 2183 2474 poenarum

187 2476 301 2555 tiones,
324 2498 406 2560 quas
427 2477 577 2554 sustinet,
601 2478 743 2559 perferre
765 2478 890 2543 asserit.
931 2477 1027 2544 Unde
1048 2491 1157 2540 antem
1212 2478 1445 2559 remissionem,
1473 2496 1556 2558 quae
1584 2478 1678 2540 nobis
1707 2477 1744 2541 fit
1767 2497 1823 2558 per
1851 2490 2033 2556 martyrum
2056 2479 2183 2546 merita.

185 2561 248 2628 hoe
269 2564 434 2646 gandium,
458 2563 543 2627 diost
565 2561 749 2645 quispiam?
784 2563 909 2644 Nempe
927 2563 1157 2644 qninfruotum
1213 2563 1296 2626 Nam
1320 2583 1418 2644 quum
1449 2564 1624 2645 gratuitam
1649 2575 1851 2643 peooatorum
1882 2565 2103 2628 remissionom
2127 2583 2184 2628 ne·

186 2648 340 2715 oernebet
367 2650 443 2713 inde
471 2662 703 2732 emergentem.
749 2653 798 2715 Ao
819 2649 848 2712 si
870 2649 1006 2713 dieeret:
1037 2648 1158 2714 Suavis
1211 2661 1306 2731 gent,
1344 2646 1400 2713 sed
1438 2647 1554 2712 redimi
1590 2648 1719 2729 fingent
1755 2648 1906 2731 operibus
1943 2650 2184 2716 eatisleetoriisz

186 2744 236 2800 est
264 2734 345 2799 mihi
372 2733 506 2800 afflietio
533 2756 591 2817 pro
614 2734 727 2799 vobisz
754 2735 916 2816 quianon
941 2736 1156 2798 frustraeam
1211 2734 1266 2798 ubi
1300 2735 1537 2799 satislaotiones
1569 2736 1686 2798 iustam
1721 2753 1907 2798 mensuram
1943 2757 2006 2800 non
2035 2736 2184 2819 implent,

186 2821 303 2904 patior.
347 2819 629 2900 Quemadmodum
657 2819 700 2886 ed
721 2819 1028 2885 Thessalonioenses
1050 2821 1157 2903 priore
1211 2820 1371 2884 adsooaut
1404 2820 1437 2883 in
1472 2818 1652 2884 subsidium
1687 2833 1867 2905 martyrum
1900 2823 2107 2904 sanguinem,
2146 2828 2184 2888 nt

186 2905 324 2988 epistola
360 2907 501 2990 gaudere
534 2927 569 2971 se
602 2906 681 2973 dioit
713 2907 746 2971 in
786 2908 874 2969 omni
904 2906 1096 2971 nenessitate
1125 2918 1158 2971 et
1210 2925 1319 2969 eoram
1359 2904 1422 2969 Dei
1461 2905 1580 2970 iudioio
1623 2904 1663 2969 ed
1703 2907 1919 2987 expiationem
1965 2908 2071 2971 valeat
2110 2928 2182 2974 eum

186 2991 371 3073 amissione,
394 3004 527 3076 propter
549 2993 691 3057 auditam
714 2993 858 3074 ipsorum
882 2991 990 3058 fidem.
1212 2990 1336 3058 Christi
1368 2993 1538 3074 sanguine.
1588 2989 1699 3073 Atque
1731 2990 1817 3056 haue
1849 2992 2017 3057 misturam
2055 2991 2183 3059 thenen-

272 3077 438 3160 Ada’mpleo
469 3097 550 3159 quoe
584 3077 694 3144 eant
725 3082 778 3144 eto.
839 3078 999 3159 Oopnlam
1037 3077 1158 3159 eooipio
1212 3098 1284 3142 rum
1315 3090 1434 3143 vooent
1461 3077 1628 3142 eoelesiae:
1661 3079 1754 3142 onius
1782 3078 1891 3144 slaves
1924 3087 2034 3159 postea
2066 3080 2183 3162 quibua

186 3161 259 3231 vioe
280 3163 429 3231 eaumlie.
473 3163 596 3230 Reddit
622 3166 710 3230 enim
739 3163 899 3229 rationem
926 3184 985 3228 our
1005 3164 1159 3248 patiendo
1212 3163 1319 3227 visum
1353 3176 1403 3226 est
1436 3165 1654 3229 eommittunt.
1708 3163 1777 3228 Neo
1814 3183 1870 3227 eos
1907 3163 2008 3246 pudet
2043 3164 2077 3229 in
2113 3175 2182 3230 tam

186 3246 294 3317 laetus
322 3250 381 3315 eit:
410 3251 486 3334 qnia
512 3251 620 3316 sooius
648 3250 683 3315 in
706 3270 744 3315 ee
765 3271 802 3315 re
823 3251 865 3314 sit
887 3249 1023 3317 Christi.
1066 3248 1158 3314 Nihil
1211 3248 1422 3314 exseerabilis
1463 3248 1683 3331 blasphemiae
1722 3249 1987 3331 suffragationem
2031 3258 2183 3334 torquere

185 3345 298 3402 autem
343 3337 405 3404 hae
445 3337 599 3404 sooietats
634 3337 764 3402 beatius
800 3337 905 3419 optari
942 3344 1056 3419 potest.
1114 3335 1158 3400 Ut
1212 3348 1412 3417 praesentem
1443 3335 1559 3400 looum.
1604 3335 1707 3416 Quasi
1731 3336 1857 3401 Paulus
1887 3333 1941 3400 hio
1963 3348 2087 3402 asseret
2110 3358 2182 3420 pas·

185 3440 393 3489 tammonem
430 3425 492 3504 piis
525 3424 675 3489 omnibns
707 3423 960 3490 oonsoletionem
1000 3421 1159 3504 proponit,
1210 3424 1319 3487 aiones
1356 3440 1432 3486 suas
1470 3422 1641 3502 expiandis
1678 3422 1847 3486 hominnm
1886 3422 2027 3504 peoeatia
2063 3422 2181 3490 velere.

186 3509 272 3592 quod
293 3509 328 3575 in
350 3510 500 3575 omnibus
521 3511 697 3593 aerumnis,
719 3512 910 3594 praesertim
933 3530 1010 3573 vero
1031 3505 1158 3589 siquid
1211 3507 1337 3592 Urgent
1359 3527 1469 3572 vooom
1493 3505 1699 3594 ὑστερήματα
1731 3509 1823 3590 quasi
1847 3508 1970 3574 Paulus
1994 3521 2091 3593 neget
2113 3510 2180 3576 sni-

208 3615 246 3662 ro
290 3595 461 3678 evangelio
500 3598 680 3681 sustinent,
724 3595 899 3678 partieipes
938 3604 1014 3659 suut
1050 3596 1159 3659 oruois
1209 3594 1308 3660 iioere
1336 3614 1421 3677 qnae
1450 3615 1563 3675 pessus
1594 3611 1646 3660 est
1675 3594 1826 3660 Christus
1855 3593 1896 3659 ad
1926 3594 2183 3678 redemptionem

185 3614 517 3757 hemorroissam
538 3681 785 3747 resurreetionia
803 3681 966 3746 oonsortio
993 3681 1158 3745 fruentur.
1211 3679 1391 3745 hominum.
1450 3678 1555 3744 Nemo
1590 3691 1700 3747 eutem
1733 3701 1799 3744 non
1833 3679 1923 3744 videt
1959 3681 2099 3746 Paulum
2136 3683 2184 3748 ita

186 3764 279 3851 Quin
298 3765 407 3841 stiam,
428 3767 475 3830 ita
491 3767 619 3849 impleri
640 3767 782 3832 affirmat
799 3786 883 3849 qnae
902 3765 1021 3832 desunt
1035 3766 1158 3832 Christi
1211 3765 1313 3849 loqui,
1340 3765 1417 3847 quia
1444 3775 1593 3848 oporteat
1615 3788 1673 3849 per
1695 3765 1886 3831 aiflrotionss
1913 3767 2041 3848 piorum
2064 3766 2182 3832 addnoi

186 3852 428 3954 afflietiouibus.
472 3851 569 3932 Nam,
604 3853 701 3918 siouti
736 3852 880 3935 loquitur
914 3852 955 3917 ad
992 3852 1159 3916 Romanos
1211 3872 1329 3934 eorpus
1347 3851 1501 3917 eoelesiae
1515 3851 1557 3916 ad
1571 3873 1665 3917 snam
1683 3851 1925 3935 permotionem,
1944 3851 2022 3917 dum
2038 3854 2184 3918 membra

186 3938 435 4101 'diffidit
451 3937 1160 4107 tlt,lttlttllle‘tllse,⁹222
1211 3939 1713 4105 tillsxssm⁰⁰llssllllze
1742 3939 2183 4107 ttfftt‘stttlfflt

187 4109 234 4176 ait
259 4111 495 4194 primogenitus
522 4111 610 4175 inter
638 4110 766 4175 frenes.
809 4109 912 4174 Porro
939 4109 1060 4175 seimus
1090 4118 1160 4172 tan·
1212 4128 1326 4174 eorum
1356 4109 1430 4173 libri
1459 4116 1558 4174 testes
1588 4122 1705 4186 essent,
1737 4110 1819 4174 nihil
1850 4129 1902 4173 ms
1932 4110 1996 4175 illia
2018 4110 2101 4175 falso
2122 4111 2183 4175 im·

187 4201 257 4263 tam
277 4197 394 4279 eapitis
416 4204 449 4261 et
469 4193 688 4262 membrorum
711 4215 781 4262 esse
796 4195 965 4273 unitatem,
988 4207 1025 4260 nt
1039 4215 1157 4259 nomen
1213 4202 1338 4277 putare.
1389 4194 1517 4278 Urgent
1546 4197 1644 4261 stiam
1674 4195 1759 4277 quod
1794 4195 1869 4262 dioit
1901 4195 2025 4262 Paulus
2057 4216 2093 4261 se
2125 4217 2185 4281 pro

188 4278 357 4351 Uhristi
391 4290 497 4347 totum
536 4302 656 4364 oorpns
688 4281 855 4347 interdum
894 4279 1158 4363 eomprehendat.
1213 4279 1350 4347 eoelesia
1383 4283 1460 4365 pati.
1505 4280 1627 4346 Mirum
1657 4293 1716 4355 est,
1747 4298 1902 4363 argutum
1933 4282 2020 4346 hnoo
2049 4302 2182 4348 sensnm

187 4365 297 4435 sisne
317 4368 434 4450 prioris
455 4367 497 4432 ad
518 4367 706 4434 Corinthios
722 4367 774 4452 12,
791 4367 844 4434 12:
866 4366 934 4431 illio
955 4367 1041 4432 enim
1058 4386 1159 4450 quom
1214 4367 1335 4431 nemini
1364 4380 1514 4432 veterum
1543 4371 1577 4432 in
1600 4381 1743 4432 mentem
1768 4369 1905 4433 venisse.
1948 4365 2073 4433 Omnes
2094 4369 2182 4433 enim

188 4450 230 4520 de
261 4454 398 4520 eoelesia
430 4473 613 4520 sermonem
649 4453 795 4537 heberet,
832 4452 964 4519 tandem
997 4452 1160 4519 ooneludit
1214 4454 1378 4518 nobiseum
1408 4454 1677 4536 interpretentur,
1706 4474 1763 4536 pro
1790 4455 1925 4518 seelesia
1953 4453 2022 4535 peti
2042 4466 2183 4533 sanatos,

189 4558 260 4605 nm
289 4540 324 4605 in
347 4539 479 4606 Ohristo
507 4541 555 4605 ita
584 4539 704 4606 habere
733 4548 771 4606 nt
792 4541 825 4605 in
849 4539 993 4604 hnmano
1014 4559 1160 4622 eorpore.
1212 4539 1290 4622 quie
1318 4539 1418 4603 tidem
1447 4541 1601 4606 eoelesiae
1632 4540 1837 4604 ooufirmant.
1888 4537 2042 4619 Papistae
2070 4552 2182 4605 entem

190 4621 473 4707 Quemadmodum
489 4646 567 4709 ergo
584 4625 684 4691 semel
702 4647 818 4709 passus
832 4638 882 4691 est
896 4626 931 4690 in
946 4645 981 4690 se
996 4624 1159 4703 Christus,
1212 4626 1291 4689 inde
1311 4624 1477 4707 eolligunt,
1500 4639 1629 4691 sanetos
1651 4647 1721 4690 esse
1743 4626 1972 4705 redemptores,
1995 4625 2069 4706 quie
2091 4625 2182 4708 expi-

188 4708 238 4778 ’ἡ
270 4711 412 4794 qnotidie
444 4712 568 4794 patitur
599 4711 634 4777 in
665 4710 820 4778 membris
851 4711 937 4776 suis:
970 4723 1067 4794 atque
1099 4709 1161 4776 hoo
1213 4710 1307 4776 audis
1335 4713 1474 4793 peooatis
1502 4714 1696 4795 sanguinem
1719 4710 1870 4776 fundant.
1915 4709 1982 4774 Sed
2005 4722 2043 4774 nt
2064 4710 2185 4776 elarius

187 4795 286 4865 modo
307 4797 485 4880 implentur
507 4796 681 4880 passiones,
703 4818 785 4880 quas
803 4798 903 4863 Pater
923 4796 1012 4862 illiue
1033 4796 1159 4879 eorpori
1213 4796 1412 4879 perspioient
1433 4796 1569 4862 leotorss
1592 4817 1704 4862 eorum
1721 4791 1972 4878 impudentiam:
1995 4795 2101 4859 fateor
2115 4806 2183 4860 tam

188 4902 249 4949 ano
286 4882 417 4950 deoreto
452 4882 637 4949 destinavit.
695 4881 849 4950 Seonnda
885 4884 1039 4966 eogitatio
1076 4901 1160 4965 quas
1212 4897 1374 4967 martyres
1405 4901 1462 4963 pre
1491 4881 1625 4948 eoelesia
1653 4903 1764 4965 pessos
1786 4902 1976 4964 essequam
1999 4880 2180 4959 Christum,

189 4967 354 5037 sustinere
385 4969 510 5034 animos
540 4979 667 5034 nostroe
695 4978 729 5034 et
758 4969 858 5036 solari
887 4969 983 5034 debet
1004 4970 1038 5033 in
1060 4969 1159 5033 afflio·
1212 4968 1268 5032 sed
1303 4971 1440 5033 diversis
1478 4968 1597 5033 modis:
1631 4969 1716 5051 quod
1746 4969 1924 5052 Augustini
1959 4969 2066 5033 verbis
2097 4967 2185 5032 malo

190 5053 346 5139 tionibus,
374 5055 438 5121 Dei
469 5053 672 5136 providentia
695 5055 742 5120 ita
767 5057 870 5121 lixum
893 5075 964 5120 esse
985 5066 1019 5120 et
1039 5055 1159 5120 eonsti-
1212 5076 1311 5137 qnam
1333 5055 1414 5119 meis
1435 5055 1628 5136 exprimere.
1666 5053 1721 5120 Sia
1743 5056 1830 5119 euim
1852 5053 1965 5119 soribit
1983 5062 2123 5119 traotetn
2145 5053 2182 5118 in

184 5147 311 5220 tutum,
334 5152 369 5206 ut
391 5140 525 5207 Uhristo
545 5141 788 5224 oonliguremnr
808 5143 842 5205 in
858 5143 963 5207 erneis
978 5140 1162 5219 tolerantia,
1213 5140 1350 5206 lohann.
1374 5139 1452 5220 8,4,
1482 5141 1575 5205 Etsi
1598 5141 1714 5204 lretrse
1737 5160 1797 5224 pro
1824 5140 1978 5204 tratribus
2003 5140 2182 5205 morimur:

183 5237 344 5309 atquem
367 5226 711 5310 habemusoumipso
731 5226 1069 5310 eommunioationem,
1097 5226 1162 5291 huo
1213 5226 1336 5291 nullius
1380 5236 1490 5291 tamen
1527 5226 1663 5309 sanguis
1700 5226 1855 5312 martyris
1899 5227 1932 5289 in
1977 5234 2182 5307 peooatorum

189 5330 321 5397 qaoque
347 5311 489 5381 extendi.
532 5310 636 5378 Addit
663 5319 698 5380 et
724 5314 859 5379 tertiam
885 5313 1059 5379 rationem:
1087 5311 1162 5397 quia
1213 5311 1437 5378 remissionem
1477 5312 1643 5378 funditur:
1691 5312 1777 5396 qnod
1817 5311 1891 5377 lenit
1930 5310 2084 5379 Christus
2122 5329 2182 5394 pro
