4740 6016
181 387 243 453 227
849 385 993 454 EPIS'P.
1016 385 1157 452 PAULI
1178 385 1244 451 AD
1266 384 1495 454 EPHESIOS
2104 389 2170 456 228

182 586 330 651 homines
352 583 571 659 macerabant,
600 583 628 646 si
650 583 758 647 earnis
785 601 862 647 suae
883 602 980 646 sensu
1004 598 1147 662 compre·
1199 579 1336 645 rentiam
1366 581 1563 664 significans,
1593 600 1676 664 quae
1706 579 1778 647 illae
1807 581 2020 663 obsequentes
2042 583 2170 650 reddat.

181 671 323 736 bendere
356 670 486 735 modum
515 667 732 732 strationem
761 667 921 731 studeant.
966 666 1031 732 Hic
1061 667 1148 731 enim
1197 662 1365 747 Nusquam
1388 668 1475 732 enim
1496 667 1557 732 erit
1588 666 1773 732 voluntarie
1795 666 1959 749 subiectio,
1986 669 2049 734 nisi
2075 687 2170 750 prae·

180 757 273 822 Deus
311 756 503 820 immensam
542 752 677 834 spiritns
715 753 767 817 sui
807 753 983 834 potentiam
1017 752 1148 818 exserit.
1198 751 1291 817 cedat
1313 752 1506 818 reverentie.

182 841 292 921 Quare
314 840 513 925 praeposteri
537 846 624 920 sunt,
652 836 707 920 qui
735 836 837 902 nihilo
866 837 940 919 plus
967 837 1001 901 in
1026 838 1086 901 bao
1113 857 1148 901 re

180 927 361 994 concedunt
402 945 498 1008 qnam
546 923 668 1008 ingenii
707 924 757 987 sni
792 922 920 987 modulo
956 923 1147 1004 consequuti

180 1012 311 1078 fuerint.
356 1011 466 1091 Quum
500 1007 594 1074 nobie
625 1008 659 1072 in
694 1029 785 1074 saura
818 1027 919 1073 coena
950 1027 1081 1073 carnem
1114 1019 1148 1071 et
1543 1010 1725 1092 CAPUT
1745 1009 1818 1089 VI⁰

180 1098 370 1181 sanguinem
400 1095 524 1160 Obristi
561 1094 709 1160 exhiberi
746 1104 884 1177 negent,
917 1094 1064 1172 modum,
1096 1093 1147 1156 in·

180 1183 306 1266 quiunt,
335 1181 486 1247 definias:
521 1187 578 1244 aut
607 1199 672 1244 non
701 1179 919 1262 persuadebis.
963 1181 1065 1261 Atqui
1086 1198 1147 1261 ego
1284 1179 1311 1242 1.
1345 1177 1436 1256 Fuit,
1470 1177 1583 1244 obedite
1609 1180 1793 1263 pareatibus
1815 1180 1928 1246 υωινίε
1958 1180 1993 1245 ia
2019 1178 2169 1246 Domino.

180 1268 327 1352 mysterii
360 1266 528 1332 altitudine
564 1267 597 1329 iu
631 1274 798 1346 stuporem
831 1264 982 1346 abripior.
1035 1263 1147 1346 Neque
1198 1264 1266 1330 Hoc
1296 1265 1379 1329 euim
1410 1269 1455 1329 est
1485 1265 1612 1330 iratam.
1657 1265 1686 1328 2.
1719 1264 1849 1330 Horrore
1873 1271 1996 1346 putrem
2024 1271 2112 1331 tuum
2140 1272 2171 1332 et

179 1373 257 1503 {32⁰
279 1350 509 1503 subita
533 1350 889 1515 wiliielmi
916 1350 1145 1516 Jtltllltt
1196 1351 1697 1501 ilimisiiei‘si'ii‘ii
1714 1352 2168 1517 iimaliufflipi'rmdiss

179 1533 357 1589 extenuare
390 1523 498 1589 carnis
529 1542 620 1586 meae
653 1542 751 1586 sensu
782 1520 865 1601 quod
893 1520 1013 1585 Paulus
1044 1521 1145 1584 altum
1197 1529 1228 1586 4.
1268 1520 1331 1587 Vos
1364 1522 1457 1587 dmm
1483 1487 1604 1604 petis,
1637 1541 1675 1586 aa
1705 1523 1748 1588 ud
1768 1457 1856 1588 irum
1881 1523 2051 1604 provocans
2078 1521 2167 1603 filios

179 1611 368 1693 mysterium
391 1627 461 1673 sese
482 1605 693 1690 pronuntiat?
724 1605 827 1688 ldque
850 1606 942 1672 docet
961 1606 1032 1688 ipsa
1054 1607 1145 1669 ratio.
1197 1612 1327 1673 cemos:
1358 1607 1412 1672 sed
1444 1607 1565 1674 educata
1596 1627 1647 1674 eos
1676 1608 1905 1689 indisciplina
1932 1614 1961 1674 ct
1980 1608 2168 1692 consputione

179 1694 344 1776 Quidquid
373 1695 460 1760 enim
488 1692 734 1774 supernaturale
757 1703 816 1767 est,
846 1692 879 1755 id
907 1693 1048 1774 proiecto
1074 1712 1145 1772 cap·
1196 1691 1339 1759 Domini.

180 1796 248 1845 tum
282 1779 406 1863 ingenii
439 1780 542 1843 nostri
573 1788 713 1860 superat.
758 1776 901 1842 Proinde
930 1778 1032 1860 magis
1061 1776 1146 1841 labo·

179 1865 317 1930 randum
354 1871 391 1929 nt
422 1862 591 1929 Christum
628 1864 805 1928 sentiamus
841 1863 947 1943 potius
982 1863 1017 1926 in
1054 1861 1146 1927 nobis
1284 1863 1313 1926 1.
1347 1862 1428 1927 Filii
1454 1861 1576 1927 obedite.
1620 1863 1765 1928 Honorie
1794 1883 1911 1929 nomen
1941 1865 2038 1930 latius
2067 1872 2167 1948 patet,

179 1953 365 2028 viventem,
398 1969 494 2032 quam
531 1960 568 2013 ut
600 1947 902 2013 communicationis
937 1949 1022 2012 ratio
1056 1948 1147 2013 nobie
1198 1968 1294 2032 quam
1317 1947 1527 2014 obedientiae.
1572 1948 1640 2013 Cur
1661 1969 1739 2032 ergo
1762 1968 1865 2033 genus
1888 1949 1929 2013 ad
1951 1951 2090 2033 speciem
2114 1971 2165 2017 re·

180 2046 299 2118 pateat.
344 2035 516 2101 Caeterum
549 2032 738 2099 admirabile
770 2034 968 2116 papistarum
1000 2053 1147 2109 acumen,
1198 2035 1353 2117 stringit?
1395 2033 1521 2117 Nempe
1550 2035 1627 2115 quia
1655 2034 1837 2099 obedientia
1864 2037 2086 2101 testimonium
2116 2046 2167 2102 est

181 2122 237 2203 qui
269 2142 311 2186 ex
343 2121 442 2186 verbo
481 2120 626 2204 mysterii
663 2139 764 2185 unum
801 2139 842 2183 ex
873 2131 997 2200 septem
1040 2139 1145 2184 sacra·
1199 2120 1267 2184 eius
1300 2120 1446 2196 honoris,
1484 2139 1579 2201 quem
1612 2118 1728 2184 debent
1761 2120 1820 2185 filii
1852 2123 2055 2203 parentibus:
2093 2121 2167 2187 ideo

77 2254 81 2265 .
181 2208 299 2272 mentis
328 2206 569 2270 matrimonium
600 2225 670 2270 esee
699 2203 871 2286 colligunt:
900 2202 1034 2286 perinde
1061 2224 1098 2270 ao
1119 2205 1146 2268 ei
1197 2225 1268 2271 eam
1299 2205 1504 2287 potissimum
1533 2205 1645 2287 exigit.
1690 2204 1817 2269 Deinde
1846 2208 1880 2270 in
1905 2227 1944 2272 ea
1969 2207 2167 2290 praestanda
2253 2207 2259 2215 ’

182 2313 224 2356 ex
246 2312 330 2374 aqua
351 2294 462 2356 vinum
487 2292 647 2355 elicerent.
691 2288 823 2372 Septem
847 2300 1020 2354 numerant
1040 2310 1146 2355 sacra·
1197 2290 1270 2373 plus
1292 2301 1341 2355 est
1363 2288 1571 2356 difficultatis.
1614 2290 1718 2374 Fugit
1744 2292 1830 2355 enim
1854 2291 2084 2358 subiectionem
2107 2294 2167 2358 hu·

182 2388 300 2459 menta,
331 2397 430 2460 quum
458 2374 694 2451 duo-Christus
716 2376 849 2439 omnino
870 2375 1057 2440 instituerit.
1103 2375 1147 2440 Ut
1198 2396 1330 2440 manum
1366 2376 1550 2459 ingenium,
1582 2387 1615 2440 et
1648 2397 1683 2439 se
1716 2396 1812 2459 aegre
1842 2379 1902 2443 sub
1936 2378 2070 2444 alterius
2103 2380 2164 2444 im·

181 2464 427 2528 matrimonium
449 2483 490 2527 ex
512 2461 577 2526 illis
599 2481 701 2525 unum
722 2480 792 2527 esso
813 2459 959 2544 probent,
982 2459 1147 2526 adducunt
1197 2462 1321 2545 perium
1351 2462 1424 2544 cogi
1450 2462 1583 2543 patitur.
1628 2462 1730 2526 Docet
1752 2463 1952 2543 experientia
1973 2485 2069 2546 quam
2092 2485 2166 2530 rara

182 2559 384 2630 praesentem
423 2547 539 2612 looum.
594 2546 667 2626 Quo
705 2548 898 2628 praetextu?
938 2548 1014 2628 quia
1052 2556 1146 2611 vetus
1197 2547 1240 2611 sit
1276 2547 1356 2612 baso
1391 2547 1506 2611 virtus.
1549 2547 1633 2610 Nam
1670 2557 1963 2631 quotumquemque
2001 2551 2166 2616 cernimus

181 2637 341 2717 interpres
383 2633 549 2697 transtulit
594 2641 848 2708 sacramentum,
893 2631 947 2695 ubi
980 2632 1145 2714 apostolus
1198 2633 1385 2713 parentibus
1417 2633 1484 2696 suis
1516 2631 1737 2715 morigerum?
1782 2633 1843 2697 list
1874 2634 1976 2717 igitur
2008 2637 2041 2699 in
2069 2635 2167 2701 Pauli

182 2739 297 2784 nomen
331 2719 478 2801 mysterii
506 2729 663 2800 posuerat.
719 2716 821 2796 Quasi
854 2738 932 2781 vero
968 2737 1035 2781 non
1067 2717 1147 2783 satis
1198 2716 1346 2783 doctrina
1367 2716 1584 2800 eyneodoehe:
1607 2718 1663 2782 sed
1685 2719 1873 2783 nominatur
1889 2721 2061 2803 praecipua
2078 2742 2168 2803 pare,

184 2805 326 2888 vulgaris
348 2807 391 2868 eit
413 2824 492 2868 usus
514 2805 610 2868 buius
629 2801 775 2866 vocabuli
797 2801 883 2885 apud
906 2802 1025 2866 latinos
1046 2804 1145 2884 scrip·
1198 2820 1230 2867 et
1252 2825 1333 2886 quae
1355 2803 1496 2886 reliquas
1517 2824 1629 2868 omnes
1650 2823 1759 2869 seeum
1783 2804 1893 2869 trabit.

183 2901 278 2966 tores,
302 2909 400 2972 quum
422 2889 615 2973 mysterium
638 2888 752 2953 volunt
774 2888 889 2951 dicere.
926 2887 1026 2967 Quasi
1049 2889 1146 2952 ctiam
1284 2888 1325 2953 Iu
1347 2888 1491 2954 Dareine.
1536 2889 1670 2954 Praeter
1692 2898 1827 2954 naturae
1859 2889 1974 2974 legem,
2004 2912 2086 2974 quae
2114 2912 2167 2958 re·

184 2996 249 3040 non
277 2996 355 3041 usus
374 2974 479 3040 'fuerit
500 2974 623 3039 Paulus
651 2974 686 3036 in
707 2972 768 3038 bac
797 2973 908 3038 cadem
936 2973 1080 3057 epistola,
1108 2973 1147 3038 de
1198 2983 1291 3057 cepta
1323 2988 1372 3039 eet
1400 2976 1486 3039 inter
1515 2995 1627 3040 omncs
1656 2984 1781 3058 gentes,
1809 2976 1871 3040 Dei
1894 2995 2021 3059 quoque
2046 2980 2168 3044 autori

183 3062 329 3144 gentium
365 3059 532 3126 vocatione
568 3060 711 3141 loquens.
755 3056 821 3124 Sed
858 3079 945 3124 nuuc
981 3061 1148 3141 quaeritur
1199 3070 1266 3124 tate
1303 3062 1460 3125 sancitam
1501 3060 1592 3126 dooet
1631 3059 1769 3124 filiorum
1809 3061 2034 3128 obedientiam.
2083 3062 2168 3129 Inde

185 3167 226 3211 an
248 3145 492 3211 matrimonium
514 3145 559 3209 eit
579 3145 711 3209 solenne
728 3144 852 3227 gratiae
867 3142 931 3207 Dei
953 3144 1147 3227 symbolum,
1198 3155 1306 3210 tamen
1325 3145 1479 3226 sequitur,
1503 3156 1635 3210 eatenus
1650 3144 1860 3211 obediendum
1881 3169 1952 3212 esse
1967 3150 2169 3229 parentibus,

184 3232 269 3314 quod
292 3232 479 3297 institutum
504 3231 602 3295 sitin
625 3251 698 3295 eum
722 3233 820 3294 finem
843 3239 879 3294 ut
901 3231 1068 3312 spirituale
1091 3231 1146 3295 ali·
1199 3251 1241 3295 ne
1268 3230 1415 3295 laedatur
1443 3252 1520 3314 erga
1541 3229 1650 3295 Deum
1671 3234 1782 3314 pietas,
1812 3254 1893 3315 quae
1920 3235 2062 3315 primum
2090 3254 2167 3318 gre·

184 3317 261 3400 quid
290 3318 383 3383 uobis
411 3328 549 3382 testetur
574 3336 611 3381 ac
633 3322 866 3397 repraesentet:
901 3325 939 3379 ut
961 3314 1147 3397 baptismus,
1199 3315 1273 3380 dum
1304 3316 1435 3381 obtinet.
1479 3317 1562 3381 Nam
1595 3317 1621 3379 ei
1651 3317 1690 3381 ad
1714 3317 1776 3381 Dei
1804 3318 1988 3383 institutum
2011 3329 2167 3403 tanquam

183 3413 220 3467 ut
242 3422 342 3468 coena
360 3403 503 3468 Domini.
549 3401 646 3466 Nulla
669 3409 718 3465 est
740 3401 823 3465 ratio
851 3421 908 3466 cur
934 3401 967 3465 id
991 3414 1146 3480 asserant,
1199 3403 1239 3466 ad
1261 3423 1354 3466 suam
1377 3401 1522 3487 regulam
1551 3402 1711 3486 exigenda
1740 3415 1789 3467 eet
1822 3405 1962 3469 filiorum
1991 3404 2167 3471 subiectio:

184 3490 247 3553 nisi
275 3490 351 3570 quia
378 3488 501 3569 decepti
533 3496 611 3551 sunt
642 3486 794 3570 ambigua
825 3487 1060 3570 significatione
1089 3508 1146 3552 no·
1199 3497 1440 3571 praeposterum
1464 3489 1554 3565 lorot,
1577 3509 1634 3571 per
1656 3509 1727 3553 eam
1752 3491 1791 3554 ab
1812 3490 1885 3571 ipeo
1905 3491 1976 3556 Deo
1998 3491 2123 3555 abduci.

184 3575 298 3653 minis,
320 3574 373 3639 vel
396 3576 502 3657 potius
522 3573 652 3657 linguae
674 3591 807 3655 graecae
830 3573 1022 3656 ignorantia.
1065 3572 1146 3639 Nam
1284 3573 1351 3638 Hoc
1371 3574 1453 3639 euim
1480 3580 1524 3638 ast
1544 3575 1670 3638 iustum.
1715 3575 1788 3638 Hoc
1820 3575 1963 3640 additum
1995 3585 2044 3642 est
2075 3575 2168 3642 cobi-

184 3661 304 3743 siquis
332 3660 566 3732 admonuisset,
599 3678 717 3723 nomen
748 3659 895 3740 mysterii
929 3660 970 3724 ab
1002 3659 1147 3741 apostolo
1198 3659 1321 3724 bendae
1348 3660 1434 3724 illius
1466 3661 1605 3724 ferociae
1626 3680 1731 3736 causa,
1759 3680 1856 3742 quam
1880 3663 2029 3728 omuibus
2049 3660 2120 3727 fere
2147 3682 2169 3727 a

182 3748 281 3811 luisse
313 3746 470 3829 positum:
514 3744 623 3810 nullus
656 3765 798 3827 unquam
838 3764 929 3808 error
962 3747 1146 3811 exstitisset.
1200 3758 1317 3809 natura
1334 3745 1464 3809 insitam
1483 3746 1634 3810 diximus.
1665 3747 1794 3810 lustum
1816 3756 1926 3811 autem
1941 3746 2067 3829 probat,
2088 3748 2169 3829 qnia

184 3832 342 3897 Videmus
362 3832 471 3913 itaque
493 3851 555 3911 quo
577 3830 694 3895 malleo
716 3842 748 3893 et
769 3849 867 3910 super
884 3850 980 3911 quam
997 3829 1146 3894 incudem
1198 3830 1361 3895 Dominus
1390 3833 1436 3895 ita
1458 3833 1631 3912 praecepit.
1675 3831 1788 3914 Neque
1818 3834 1904 3896 enim
1925 3832 2091 3915 disputare
2116 3832 2168 3897 fas

185 3918 247 3982 hoc
276 3927 512 3983 sacramentum
536 3917 772 3981 fabricaverint.
818 3914 1022 3997 Quamquam
1051 3917 1084 3978 iu
1110 3937 1147 3980 eo
1198 3927 1257 3991 eet,
1288 3923 1345 3980 aut
1374 3917 1407 3981 in
1429 3918 1682 3982 controversiam
1712 3936 1863 3981 revocare
1892 3918 1986 3999 quale
2015 3919 2058 3984 sit
2080 3917 2168 4000 quod

184 4021 310 4086 quoque
332 4023 422 4066 suam
445 4003 619 4067 socordiam
643 4001 864 4085 prodiderunt,
893 4002 977 4083 quod
1006 4020 1072 4065 non
1095 4023 1147 4065 ex·
1200 4004 1314 4067 statuit
1336 4003 1372 4078 is,
1395 4004 1489 4067 cuiue
1504 4002 1652 4067 voluntas
1674 4002 1854 4067 certissima
1869 4003 2053 4088 estregula
2075 4005 2169 4069 iusti·

183 4091 364 4171 panderunt
386 4088 617 4153 correctionem
640 4108 716 4151 mox
734 4086 886 4162 additam,
909 4106 986 4169 ego
1012 4099 1146 4152 autem
1199 4089 1263 4152 tiae
1285 4098 1317 4152 et
1340 4087 1549 4153 reatitudinis.
1594 4086 1693 4153 Porro
1723 4089 1800 4169 quio
1828 4108 1867 4152 cu
1887 4088 1998 4155 donoro
2024 4088 2168 4154 obediera-

186 4176 287 4240 dioo
319 4176 364 4238 in
393 4173 587 4239 Obrieto
617 4181 660 4237 et
688 4170 904 4237 ecclesia.
950 4172 1146 4237 Nominatim
1200 4175 1278 4238 tiam
1301 4173 1389 4249 elicit,
1413 4174 1529 4238 mirum
1557 4193 1617 4238 nou
1638 4180 1689 4238 cet.
1736 4175 1821 4237 Num
1843 4173 1931 4239 Deus
1959 4175 2170 4240 ousrcoroaiua

185 4263 271 4325 enim
297 4281 410 4325 cavere
426 4260 536 4336 voluit,
562 4258 691 4339 nequis
715 4257 754 4321 de
769 4258 918 4340 coniugio
941 4258 1148 4341 intelligeret.
1199 4279 1260 4323 noa
1292 4264 1441 4323 moratam
1486 4258 1597 4341 Itaque
1628 4259 1686 4323 sud
1714 4280 1781 4323 voce
1808 4259 1934 4324 honoris
1958 4258 2169 4341 complectitur

185 4346 341 4428 Adeoque
363 4347 506 4429 apertius
528 4344 682 4427 loquutus
705 4354 754 4408 est
776 4363 872 4424 quam
901 4342 928 4407 si
954 4343 1074 4425 absque
1096 4365 1149 4408 ox·
1200 4345 1304 4408 omnio
1324 4343 1439 4424 officio,
1457 4345 1569 4425 quibus
1589 4346 1671 4409 serio
1691 4363 1785 4408 suum
1804 4365 1878 4426 erqo
1897 4352 2046 4425 porratae
2065 4343 2167 4412 oden·

186 4433 331 4515 ceptione
375 4431 569 4496 seutentiam
613 4430 697 4493 hane
738 4428 935 4510 protulisset.
991 4429 1148 4512 Magnum
1200 4430 1341 4493 cuntium
1361 4431 1550 4510 etpistutsra
1571 4434 1724 4495 testaretur
1741 4429 1844 4514 diist)

185 4517 386 4602 mysterium,
419 4515 505 4599 quod
540 4515 640 4578 vitam
675 4535 768 4579 suam
798 4512 950 4579 Christus
978 4515 1148 4579 virtutem·
1286 4514 1315 4579 2.
1352 4515 1440 4596 Quod
1472 4520 1516 4580 aet
1546 4515 1729 4580 mederum
1754 4516 1903 4596 primum.
1948 4514 2042 4596 Quae
2070 4534 2168 4597 prae·

185 4625 247 4685 que
268 4603 420 4671 ecclosias
441 4602 588 4683 inspirat.
633 4599 715 4679 Quis
736 4609 845 4663 autem
870 4599 945 4663 inde
966 4619 1147 4665 sacramen·
1201 4601 1302 4681 ceptis
1324 4621 1469 4666 annexae
1492 4611 1569 4665 sunt
1583 4601 1820 4683 promissiones,
1842 4603 1882 4666 ad
1905 4622 1963 4666 noe
1979 4599 2169 4667 allioiendoe

186 4703 255 4754 tum
275 4689 473 4756 excuderet?
517 4685 674 4750 Videmus
696 4704 774 4768 crgo
789 4705 885 4767 quam
907 4704 1034 4750 orasses
1056 4686 1148 4769 igno·
1201 4695 1362 4767 epeotant,
1403 4706 1464 4768 quo
1503 4685 1656 4751 libentius
1696 4707 1873 4768 pareamus.
1922 4687 2063 4752 Proinde
2103 4686 2169 4753 boo

185 4776 309 4841 santiae
331 4775 429 4840 fuerit
450 4773 514 4837 ieta
535 4771 753 4836 hallucinatio.
1200 4771 1301 4836 veluti
1343 4771 1549 4837 condimento
1594 4792 1727 4838 suavem
1772 4782 1805 4837 et
1843 4770 2013 4837 amabilem
2058 4771 2167 4837 reddit

270 4861 322 4926 33.
359 4860 420 4926 Vos
454 4877 571 4939 quoque
605 4856 733 4940 sepeli.
777 4855 864 4935 Quia
900 4855 1065 4938 paululum
1101 4856 1148 4921 di·
1201 4857 1323 4923 Paulus
1351 4857 1592 4933 subiectionem,
1620 4878 1713 4939 quam
1738 4858 1812 4923 filiis
1841 4858 1988 4941 imponit.
2032 4857 2078 4922 Et
2100 4878 2166 4924 uon

185 4967 316 5028 gressus
347 4945 455 5011 luerat
487 4964 505 5007 a
535 4945 715 5025 proposito,
758 4943 886 5007 temetsi
919 4943 990 5024 ipsa
1021 4961 1149 5024 quoque
1200 4943 1388 5025 simpliciter
1409 4954 1639 5008 oommsmorat
1660 4943 1840 5009 mercedem
1862 4965 1882 5009 a
1903 4943 1975 5009 Deo
1997 4963 2068 5009 esso
2089 4963 2167 5026 pro·

186 5033 341 5116 digressio
371 5049 487 5095 causae
515 5029 691 5095 serviebat:
726 5037 763 5092 ut
789 5037 897 5093 tamen
920 5029 989 5092 fieri
1012 5027 1094 5091 solet
1114 5027 1148 5090 in
1200 5031 1349 5111 positam,
1382 5029 1408 5093 ei
1438 5029 1510 5111 quie
1541 5029 1626 5111 patri
1658 5037 1691 5094 et
1712 5031 1809 5095 matri
1831 5028 1976 5095 obediat:
2008 5026 2065 5094 ssd
2088 5029 2169 5095 hnic

187 5117 337 5183 brevibus
366 5115 555 5198 praeceptis,
587 5113 709 5196 colligit
740 5114 775 5177 in
804 5133 966 5179 summam
996 5112 1080 5195 quod
1109 5111 1149 5177 ab

187 5204 265 5285 ipsis
296 5201 443 5301 obtinere
474 5200 577 5284 cupit:
594 5285 600 5300 .
615 5210 652 5264 ut
684 5199 744 5298 viri
776 5197 913 5297 diligant
944 5218 1080 5296 uxores,
1113 5207 1150 5262 ut
1289 5233 1311 5297 1)
1328 5231 1530 5300 &positionem
1556 5234 1705 5302 praecepti,
1738 5233 1806 5301 quod
1833 5233 1912 5301 cim,
1938 5237 2001 5302 pet„
2027 5247 2062 5286 θ,
2083 5230 2170 5288 lmfi,

187 5288 339 5354 mulieres
369 5293 503 5351 timeant
521 5292 670 5351 maritos:
698 5299 884 5348 trmorrs
912 5303 1041 5348 nomme
1062 5302 1150 5348 reve
1202 5299 1315 5356 tutione
