4740 6016
212 335 277 403 ffl'l
885 334 1028 403 EPIST.
1052 333 1196 402 PAULI
1217 332 1283 402 AD
1306 332 1536 403 ltPHESIOS
2155 329 2223 397 208

214 527 474 614 quemadmodum
495 533 540 594 est
559 528 676 594 veritae
697 528 732 592 im
754 528 849 593 Iesu.-
884 528 936 594 23.
969 532 1005 592 at
1025 527 1189 611 deponatis
1240 533 1485 610 tastamentum,
1518 545 1634 609 parum
1656 524 1759 593 solide
1780 521 2064 608 philosophantur.
2108 521 2217 589 Porro

213 616 383 683 mudum
398 612 574 696 pristinam
593 613 854 680 mooersoeoom
875 619 1003 680 odmen
1023 612 1188 697 homiaem,
1241 632 1306 696 quo
1332 612 1449 678 melius
1474 611 1635 694 ostendat,
1669 632 1733 677 nou
1762 631 1833 677 ease
1861 627 2099 692 superraeaam
2130 608 2220 674 haue

216 701 273 783 pai
306 700 519 782 asumpto-
556 697 725 766 aeoaadam
758 699 1023 782 ooaoapiooomtioa
1053 700 1190 765 erroris:
1241 697 1501 765 exhortationem
1533 695 1620 780 apud
1649 694 1817 780 Ephesios,
1846 695 2005 779 pristinae
2034 697 2121 761 vitae
2149 714 2218 760 me·

215 787 267 853 tt
298 785 487 852 remeamini
511 789 613 851 aretem
630 784 748 866 spiritu
769 784 883 850 mesatis
909 790 1038 863 vestm,
1075 784 1129 852 25.
1161 789 1190 851 et
1240 784 1375 850 moriam
1402 781 1468 849 illis
1496 789 1643 848 muorat
1684 785 1734 848 Ao
1760 782 1789 848 si
1818 779 1955 847 ditarat:
1981 779 2087 847 Vetus
2117 780 2218 846 homo

215 872 357 939 induatis
384 891 497 938 amum
524 869 684 947 tomam,
712 870 769 952 oea·
797 871 968 936 amandam
992 870 1100 938 Deum
1127 891 1190 938 ore·
1241 871 1276 935 in
1305 868 1396 936 vobis
1424 869 1587 954 regnavit,
1621 887 1685 953 quo
1715 876 1864 950 tempora
1891 867 2038 933 nondum
2060 865 2220 934 Ohriatus

215 963 289 1025 otas
309 962 363 1040 ost,
386 957 606 1023 iniustitiam
626 957 788 1023 samono
808 957 957 1022 ueritatis.
1241 975 1277 1021 ae
1298 955 1392 1021 vobis
1420 954 1628 1037 patefecerat
1672 954 1761 1039 Ergo
1791 953 1947 1037 pristinae
1975 954 2064 1019 vitae
2094 971 2219 1018 renum

1242 1040 1390 1106 tiandum
1413 1047 1472 1118 est,
1494 1040 1522 1104 ei
1544 1038 1648 1105 vultis
1669 1039 1762 1106 illum
1785 1040 1935 1105 abiieere.

301 1128 398 1194 Nune
420 1125 599 1193 antithesin
622 1126 701 1194 laoit
723 1125 812 1192 vitae
833 1125 1039 1204 ohrietiauae,
1061 1125 1190 1192 atinde
1330 1124 1394 1207 Qui
1406 1126 1627 1210 erumpitur.
1671 1127 1703 1192 Δ
1724 1124 1883 1191 iruntihua
1904 1124 2054 1209 designat
2070 1131 2221 1191 vaterem

216 1221 329 1298 pateat
350 1231 449 1295 quam
470 1211 643 1295 indignum
664 1214 708 1277 ait
730 1213 784 1295 pio
798 1212 942 1289 homine,
964 1210 1190 1278 indifferenter
1242 1210 1425 1278 hominem:
1455 1209 1516 1277 hoo
1537 1221 1590 1277 eat
1610 1230 1631 1276 a
1650 1211 1763 1295 pravis
1783 1210 2028 1292 oupiditatihus,
2053 1229 2138 1293 quae
2157 1207 2220 1274 ho-

217 1319 254 1364 ae
276 1296 420 1383 polluere
441 1297 588 1383 gentium
611 1296 772 1363 sordibus.
810 1297 897 1380 Quia
913 1297 945 1363 in
963 1298 1105 1364 tenebris
1120 1318 1189 1363 am·
1242 1297 1349 1363 mines
1371 1298 1404 1361 in
1426 1296 1563 1363 exitium
1585 1296 1741 1363 illectant
1786 1294 1886 1376 Quod
1907 1306 2015 1361 autem
2044 1295 2126 1361 dioit
2146 1314 2220 1361 eur·

217 1383 333 1450 balant
354 1392 478 1469 gentes,
509 1383 582 1450 ideo
602 1404 668 1450 non
691 1382 881 1450 diaeernunt
907 1383 995 1449 inter
1015 1383 1191 1450 honestum
1243 1383 1359 1466 rumpi,
1392 1383 1428 1448 in
1458 1404 1497 1449 eo
1526 1381 1645 1448 alludit
1676 1382 1719 1447 ad
1751 1401 1870 1449 nomen
1903 1381 2088 1448 vetustatia
2132 1379 2221 1447 Nam

216 1479 251 1533 at
272 1479 384 1552 turpe:
428 1468 525 1536 uibus
543 1477 652 1536 autem
676 1467 762 1537 lueet
777 1469 840 1535 Dei
861 1469 992 1546 veritae,
1016 1469 1191 1535 dissimiles
1242 1469 1313 1552 ipea
1336 1475 1482 1535 vetustae
1504 1468 1653 1553 proxima
1674 1479 1725 1534 eet
1745 1467 1958 1551 eorreption'a
1996 1467 2088 1534 Oura
2109 1472 2222 1533 autem

216 1555 282 1621 illie
305 1574 377 1622 esee
407 1490 540 1622 Sahent.
584 1553 713 1636 Quibus
746 1555 876 1621 vanitas
909 1575 1025 1621 seusus
1056 1557 1108 1619 sui
1142 1554 1190 1619 vi·
1242 1575 1316 1652 oum
1339 1554 1475 1638 papistis
1502 1574 1629 1621 araneae
1651 1563 1778 1619 tantum
1805 1557 1839 1619 et
1861 1555 1953 1637 qnasi
1979 1550 2161 1637 palpabiles
2182 1551 2221 1617 li·

217 1640 315 1707 vendi
338 1641 453 1726 regula
478 1652 537 1724 eet,
567 1661 633 1707 non
662 1640 783 1706 mirum
810 1650 860 1706 est
886 1639 914 1707 ai
944 1639 1046 1707 foedis
1073 1659 1190 1707 oouou·
1245 1639 1370 1706 hidinea
1399 1639 1574 1724 intelligas,
1605 1648 1637 1706 et
1659 1658 1798 1722 quarum
1828 1640 2004 1705 manifesta
2031 1648 2083 1704 eet·
2112 1639 2222 1723 turpi·

217 1727 384 1811 pietantiia
407 1729 474 1793 siut
495 1726 658 1810 implioitl:
688 1733 722 1792 at
743 1725 869 1792 Ohrieti
892 1726 1039 1792 (lontrina
1067 1723 1108 1791 de
1140 1727 1191 1791 in·
1244 1725 1324 1790 tudo
1346 1725 1431 1791 iuter
1453 1726 1620 1792 homines:
1647 1725 1703 1791 sed
1726 1746 1782 1791 aaa
1803 1743 1932 1808 quoque
1952 1725 2013 1791 sub
2037 1725 2099 1790 hoo
2120 1723 2222 1790 verbo

216 1814 305 1897 genii
335 1813 439 1879 nostri
468 1812 681 1898 abnegatione
711 1812 879 1895 praeeipit.
922 1811 1017 1876 Nihil
1045 1832 1123 1896 ergo
1152 1809 1193 1877 de
1244 1810 1493 1896 eomprehende,
1527 1832 1609 1893 quae
1643 1811 1731 1877 laudi
1761 1812 1928 1877 interdum
1961 1811 2066 1895 magis
2098 1807 2223 1874 dautur

217 1898 354 1964 Christo
376 1898 498 1982 didieit,
520 1900 576 1981 qui
603 1897 684 1962 nihil
707 1898 778 1963 vita
799 1897 840 1963 ab
862 1895 1047 1963 infidelibus
1071 1896 1191 1963 differt.
1244 1918 1343 1980 quam
1366 1896 1456 1962 vitio.
1507 1896 1630 1978 Quales
1651 1909 1728 1962 sunt
1750 1896 1893 1974 ambitio,
1916 1896 2044 1975 astutia,
2067 1903 2102 1959 et
2122 1914 2222 1978 quae·

219 1985 334 2067 Neque
356 1985 445 2050 enim
467 2005 487 2050 a
507 1983 759 2050 mortifieatione
787 1984 897 2049 earnis
918 1983 1062 2066 separari
1084 1991 1193 2067 potest
1245 2003 1373 2067 nunqua
1395 1981 1448 2047 vel
1470 2005 1511 2048 ex
1534 2003 1643 2049 amore
1665 1983 1779 2062 nostri,
1803 1982 1855 2047 vel
1878 2002 1921 2047 ex
1943 1981 2124 2047 diffidentia
2147 2000 2222 2045 noa·

219 2069 347 2136 Christi
370 2069 520 2153 eognitio.
566 2068 727 2134 &mmm
753 2076 789 2135 at
809 2088 914 2135 eoram
942 2069 1194 2135 aoeotonemet
1245 2078 1298 2135 tra
1320 2068 1507 2152 procedunt.

219 2156 360 2222 statium
381 2156 484 2240 mepte
498 2160 601 2237 nasot,
628 2173 689 2220 oon
709 2155 810 2220 mam
838 2154 916 2221 dioit
935 2156 1065 2222 nathae
1088 2153 1195 2221 Chris·
1331 2154 1383 2220 23.
1419 2154 1622 2221 Renooomioi
1654 2159 1765 2220 aedom.
1814 2152 2004 2220 Secundum
2037 2150 2222 2218 membrum

220 2245 295 2318 hom,
315 2241 369 2306 sod
389 2240 551 2324 gradatim
576 2245 675 2324 auget,
703 2241 785 2323 qaod
805 2239 839 2305 ira
861 2241 931 2323 ipso
958 2261 1076 2323 qaoque
1099 2241 1195 2308 edooti
1247 2241 1281 2306 in
1304 2240 1417 2325 regula
1439 2242 1492 2324 pie
1519 2252 1695 2324 sanataque
1723 2239 1873 2306 vivendi:
1904 2259 2021 2321 nempe
2044 2245 2081 2303 ut
2101 2238 2223 2321 spiritu

218 2326 349 2408 [uariat.
391 2325 441 2392 Ao
468 2327 498 2391 ai
527 2326 649 2407 diooret,
678 2345 739 2392 taou
763 2325 871 2392 leuiter
893 2326 1066 2392 iudicatam
1094 2327 1196 2409 fuisso
1246 2325 1370 2393 Ohrieti
1404 2325 1554 2391 vivamus
1586 2330 1694 2410 potius
1728 2346 1825 2410 quam
1858 2336 1981 2391 uoetro.
2041 2322 2109 2391 Sed
2142 2324 2221 2407 quid

220 2409 301 2477 bomo
320 2411 501 2491 dodrioom,
521 2413 577 2477 aad
592 2409 691 2492 probe
711 2412 862 2478 heddam
884 2417 911 2477 et
931 2413 1112 2496 expositam.
1246 2412 1309 2478 sihi
1331 2412 1401 2478 vult
1432 2413 1616 2496 spiritua
1642 2411 1818 2477 mantis?
1862 2411 1934 2496 Ego
1955 2409 2147 2493 simpliciter
2167 2429 2223 2474 ao·

305 2495 357 2562 21.
396 2498 660 2579 Quemadmodum
687 2502 733 2562 eet
760 2499 885 2564 ueritas.
930 2498 1003 2564 Hae
1036 2499 1195 2582 partioula
1247 2499 1340 2580 alpia,
1364 2519 1402 2565 ao
1423 2501 1451 2565 si
1474 2499 1624 2564 dixisset:
1648 2498 1877 2578 Renovamini,
1901 2518 1965 2562 non
1984 2506 2112 2561 tantum
2135 2493 2223 2579 quod

220 2583 414 2669 perstringit
443 2583 614 2649 evanidam
644 2583 806 2667 evangelii
832 2585 1012 2661 seientiam,
1042 2605 1107 2667 qua
1128 2584 1194 2668 ple·
1247 2585 1287 2648 ad
1310 2585 1480 2651 interiores
1502 2586 1666 2667 appetitae
1688 2592 1746 2648 ant
1767 2582 2045 2666 eoueupiaoentiae
2058 2601 2144 2667 quae
2164 2600 2223 2664 pa·

220 2669 312 2751 rique
334 2669 456 2734 trustra
478 2682 557 2734 aunt
583 2668 697 2748 inflati,
727 2689 830 2751 quum
853 2668 934 2734 nihil
964 2669 1114 2735 davitae
1135 2689 1195 2735 no·
1247 2669 1312 2735 lam
1335 2680 1414 2737 eunt
1436 2672 1585 2748 vitiosae,
1607 2671 1663 2737 aad
1687 2671 1786 2735 etiam
1809 2669 1895 2752 qnod
1918 2669 1959 2732 ad
1981 2679 2108 2751 partem
2130 2667 2223 2732 illam

221 2755 324 2821 vitate
346 2760 491 2824 teneant.
533 2754 663 2819 Putant
689 2755 776 2818 enim
807 2753 854 2820 illi
883 2775 918 2820 se
940 2755 1037 2821 valde
1063 2776 1193 2839 sapere:
1247 2755 1383 2834 animae,
1406 2777 1488 2841 quae
1504 2756 1706 2822 nobilissima
1722 2764 1755 2821 ot
1770 2756 2051 2839 praestantissima
2068 2753 2224 2820 habetur.

221 2837 279 2905 sed
309 2839 474 2924 apostolus
504 2837 653 2905 mendaoi
680 2848 713 2905 et
742 2841 935 2924 imaginaria
968 2850 1095 2907 tantum
1127 2843 1195 2925 opi·
1248 2840 1313 2907 Hie
1334 2844 1421 2908 enim
1444 2862 1557 2908 rureus
1580 2844 1670 2926 ponit
1696 2842 1844 2926 reginam
1866 2840 1968 2924 illam,
1998 2861 2082 2923 qnae
2102 2858 2223 2923 prope·

219 2925 318 2990 nione
353 2924 493 2992 imbutas
528 2946 599 2993 asae
635 2925 738 2993 donet
794 2926 847 2992 Ita
881 2925 1043 3009 duplicem
1080 2929 1196 2994 statuit
1247 2927 1380 2994 modum
1402 2929 1558 2994 moratur
1590 2950 1610 2994 a
1642 2927 1860 3011 philosophia:
1890 2927 2089 3010 opimam
2108 2925 2224 2993 metatio

221 3008 348 3076 Ohrieti
371 3011 537 3077 notitiam:
560 3031 699 3095 quarum
718 3011 808 3095 prior
828 3013 872 3080 eit
894 3032 972 3079 vera
988 3022 1022 3079 et
1043 3014 1194 3099 genuina,
1247 3019 1368 3081 aoatroo
1388 3016 1495 3081 diuino
1516 3034 1554 3081 oo
1574 3015 1696 3080 esoces·
1716 3014 1805 3080 toot‘to
1825 3014 1961 3096 opponit,
1987 3012 2045 3094 qai
2065 3012 2167 3078 otiosa
2186 3010 2224 3076 ia

220 3093 324 3161 altera
345 3117 424 3161 vero
446 3098 554 3164 tutata
569 3104 603 3165 et
624 3097 818 3164 adulterina
863 3098 939 3164 Nou
960 3099 1048 3182 quod
1070 3102 1196 3184 reipsa
1246 3100 1335 3167 mobis
1362 3121 1400 3166 oo
1425 3120 1537 3167 nouom
1569 3105 1698 3165 meatem
1728 3104 1852 3184 ommno
1862 3101 1897 3184 ¹).
1939 3096 2037 3163 Unde
2068 3096 2224 3182 eolligere

222 3179 346 3263 duplex
367 3184 420 3250 ait
455 3182 582 3249 Verum
604 3184 683 3266 quia
703 3183 849 3269 plerique
870 3185 931 3251 eibi
953 3184 1037 3251 talao
1062 3206 1194 3269 persua·
1248 3196 1435 3271 promptum
1467 3195 1518 3252 eet
1538 3185 1616 3270 quid
1646 3187 1689 3252 eit
1718 3186 1754 3249 in
1777 3185 1869 3251 nohia
1891 3204 2008 3250 mnam
2035 3189 2092 3248 aut
2113 3185 2223 3248 inoor·

222 3266 300 3332 dent
321 3267 491 3336 Christum
513 3291 549 3336 ae
570 3289 776 3355 aoguoaeere,
798 3271 853 3355 qui
876 3270 959 3336 nihil
982 3271 1047 3338 uisi
1064 3272 1196 3339 earnale
1247 3282 1391 3358 ruptum,
1425 3293 1524 3356 qunm
1558 3271 1717 3338 rationem
1749 3276 1809 3335 aut
1841 3278 1985 3335 mentem
2015 3270 2222 3352 potissimum

220 3353 365 3506 litt
383 3355 507 3526 (ili)
526 3355 798 3525 ttthtt
827 3358 862 3507 {l
888 3357 1035 3526 ttht
1062 3357 1197 3510 iifl}
1246 3359 1583 3511 timothee
1596 3356 1822 3508 ³h.‘th¹ll¹¹³¹
1844 3356 1977 3422 eam
1998 3376 2069 3421 ⁰⁸⁸⁰
2090 3367 2222 3438 Μ’

220 3545 307 3591 nora
328 3539 491 3592 ereatura:
514 3525 561 3590 ita
582 3528 681 3593 etiam
712 3528 765 3594 hie
787 3549 902 3594 verum
929 3549 1001 3596 ease
1030 3537 1063 3595 et
1091 3533 1196 3597 sinee
1332 3532 1382 3598 tt
1417 3531 1567 3597 ladanta's
1598 3549 1714 3596 mum
1749 3528 1912 3596 hominos
1967 3526 2024 3594 Sia
2059 3526 2224 3593 resolvere

221 3612 522 3764 ffissggffiffl
546 3621 675 3679 tenetur
697 3612 737 3679 de
752 3613 896 3700 Ohrieto,
917 3615 980 3682 uiei
1002 3615 1089 3683 adsit
1110 3636 1195 3682 mor·
1246 3618 1415 3767 eatrvenit:
1439 3614 1571 3766 Indutite
1585 3635 1714 3767 Enetumt
1725 3615 1908 3764 hominem:
1931 3613 2017 3714 quad
2032 3611 2116 3763 nithss
2129 3611 2224 3764 affl

490 3747 497 3764 ·
1246 3724 1282 3769 os
1342 3724 1363 3768 u
1435 3723 1564 3780 sirau,
1611 3720 1801 3767 oomrnu
1850 3718 2060 3766 renovante
2111 3718 2147 3765 ιιι

238 3868 245 3881 Ι
306 3783 359 3848 22.
389 3782 430 3851 Ut
461 3785 631 3867 depotatio.
679 3784 831 3869 Requirit
864 3786 898 3851 in
932 3785 1063 3853 homine
1093 3786 1196 3854 obris-
1247 3790 1282 3854 in
1305 3723 1420 3867 sbti-S,
1450 3723 1497 3853 ipta
1518 3797 1556 3853 ut
1583 3787 1718 3852 initium
1748 3807 1769 3852 a
1797 3721 1906 3851 Sento
1934 3784 2005 3869 fiat,
2033 3719 2118 3869 quib
2144 3804 2225 3868 pars

222 3875 311 3933 hano
344 3871 578 3952 poenitentiam
606 3879 664 3937 ant
696 3871 939 3938 renovationem
969 3872 1067 3938 vitae.
1111 3874 1196 3938 itam
1246 3876 1390 3940 maxime
1412 3876 1534 3940 intaeta
1563 3893 1633 3940 esee
1655 3871 1786 3938 videtur
1806 3870 1848 3936 ah
1875 3871 1967 3937 omni
1988 3871 2080 3937 vitio.
2123 3868 2225 3953 Quod

221 3953 404 4054 oonstituit·
420 3956 456 4020 in
484 3955 699 4042 abnegatione
727 3957 842 4035 nostri,
873 3965 907 4024 et
934 3959 1070 4042 spiritua
1091 3960 1196 4027 sanati
1248 3958 1288 4027 de
1310 3960 1473 4027 meatioue
1494 3958 1675 4036 auhiioitur,
1704 3969 1773 4024 um
1794 3955 1837 4023 ad
1858 3959 1997 4042 primam
2023 3957 2224 4024 mannen

222 4049 477 4125 regeneratione.
514 4046 546 4108 A
567 4044 675 4128 priore
690 4043 802 4127 itaque
823 4050 917 4128 parto
931 4044 1056 4128 insipit,
1078 4044 1196 4112 iubens
1248 4046 1399 4127 hominis,
1430 4065 1528 4129 quam
1559 4045 1600 4111 ad
1630 4044 1893 4110 reformationem
1921 4063 2005 4127 quae
2031 4044 2071 4108 fit
2095 4040 2223 4110 Ohrieti

221 4123 387 4223 deponere
417 4138 475 4194 aut
504 4149 625 4195 exuere
646 4129 814 4195 hominem
843 4138 997 4197 vetarem.
1041 4130 1196 4198 Transla-
1247 4134 1364 4218 gratia,
1393 4133 1508 4199 reterri
1528 4141 1645 4217 potest
1690 4129 1838 4213 Utraque
1864 4130 2026 4213 expositio
2047 4148 2127 4196 rara
2146 4132 2221 4194 erit.

223 4219 313 4277 tione
335 4213 397 4278 hae
426 4234 446 4278 a
468 4214 613 4282 vestibus
640 4224 772 4299 sumpta
800 4215 987 4299 hmuenter
1015 4219 1133 4283 utitur:
1163 4227 1198 4283 et
1247 4217 1333 4285 Nam
1355 4228 1389 4284 et
1410 4217 1505 4284 initio
1526 4231 1656 4284 oreatus
1677 4218 1739 4282 tuit
1761 4216 1868 4282 Adam
1891 4214 1932 4280 ad
1947 4215 2126 4300 imaginem
2145 4214 2222 4292 Dei.

223 4316 283 4362 nos
305 4299 463 4365 ratiormm
485 4298 561 4366 alibi
590 4300 770 4385 attigimus.
813 4300 902 4382 Quid
924 4301 1024 4368 auam
1049 4322 1109 4386 per
1129 4323 1197 4370 ve·
1248 4314 1286 4369 ut
1315 4305 1473 4370 iustitiam
1503 4303 1567 4370 Dei
1595 4305 1689 4388 qnasi
1721 4304 1755 4368 in
1786 4300 1919 4386 apeeulo
1951 4308 2224 4386 repraesentaret.

223 4392 351 4447 terem
377 4384 788 4486 hominem-intelligat,
817 4397 884 4452 mm
905 4397 1001 4454 sexto
1028 4391 1133 4473 eapite
1154 4389 1196 4455 ad
1248 4388 1315 4457 Sed
1337 4391 1492 4474 quoniam
1523 4390 1632 4475 imago
1652 4388 1710 4454 illa
1734 4387 1841 4454 deleta
1872 4395 1923 4453 eat
1955 4407 2013 4471 per
2040 4395 2176 4538 Fonte

222 4466 401 4567 liomauoa,
429 4490 534 4571 quam·
549 4471 622 4538 alne
650 4471 731 4540 lurra
752 4472 934 4573 doouimus:
964 4493 1082 4574 nempe
1103 4474 1196 4560 inge·
1247 4476 1320 4576 ideo
1341 4497 1429 4542 nuno
1449 4481 1485 4541 in
1507 4475 1641 4575 Christo
1662 4474 1839 4575 instaurari
1860 4482 1999 4557 oportet
2075 4493 2113 4574 ee
2141 4494 2224 4575 saue

222 4574 314 4706 tt
333 4555 809 4723 tttfftttthtttt
823 4559 1196 4729 emittet
1247 4562 1335 4733 {lt
1357 4559 2223 4731 trtltt‘ttttmtttt‘ttttt

223 4733 359 4794 naturas
381 4729 474 4797 nobie
502 4729 667 4798 deaambit.
710 4728 874 4811 Quoniam
905 4730 996 4814 priua
1024 4754 1065 4798 ex
1086 4731 1196 4800 Adam
1248 4735 1289 4801 18
1319 4734 1443 4801 dietum
1466 4745 1525 4799 eat.
1581 4733 1789 4817 Quamquam
1818 4730 1916 4816 longe
1944 4729 2075 4796 uberior
2103 4741 2156 4799 eat
2183 4752 2223 4799 ao

223 4814 400 4892 uuaaimur,
429 4825 567 4882 naturae
595 4816 751 4900 pravitas,
773 4836 871 4900 quam
894 4838 935 4883 ex
956 4816 1013 4883 illo
1033 4819 1197 4886 eontrahi·
1247 4819 1409 4905 potentior
1424 4819 1489 4885 Dei
1510 4822 1617 4906 gratia
1637 4821 1672 4885 in
1687 4819 1749 4885 hae
1764 4816 1909 4885 seeundo
1925 4817 2098 4894 arsatium,
2122 4837 2221 4903 quam

223 4918 307 4996 mus,
342 4899 460 4998 dieitur
493 4911 589 4968 vetus
611 4901 727 4967 homo:
756 4903 834 4986 quia
853 4900 970 4971 deiude
995 4905 1197 4972 renaseimur
1246 4908 1352 4992 prima
1380 4906 1490 4972 tuerit.
1537 4904 1605 4973 Sed
1632 4905 1695 4971 boo
1725 4914 1856 4970 tantum
1884 4904 2019 4987 reapieit
2046 4903 2222 4988 seriptura,

223 5005 258 5048 ru
280 4985 426 5065 Christo,
453 4987 611 5055 oorrootio
634 4988 770 5055 vitiosae
799 5000 935 5055 naturae
957 4988 1077 5057 dieitur
1099 4991 1196 5058 homo
1245 4994 1331 5078 qnod
1352 5012 1481 5059 summa
1503 5006 1616 5059 nostra
1635 4990 1792 5076 perleotio
1814 4990 1858 5057 sit
1890 4988 2103 5057 oontormitaa
2123 4999 2159 5056 et
2180 4993 2222 5057 ai·

224 5089 340 5137 uovue.
378 5069 526 5155 Summa,
549 5074 605 5158 qui
626 5095 748 5141 exuere
765 5074 835 5141 vult
857 5075 1022 5142 homiuem
1042 5085 1196 5157 veterem,
1218 5112 1224 5181 Ι
1247 5077 1406 5157 militudo,
1437 5096 1521 5161 quae
1547 5077 1642 5143 nobis
1669 5088 1719 5143 est
1744 5097 1817 5143 oum
1842 5076 1922 5144 Deo.
1958 5074 2009 5141 Ad
2039 5094 2111 5142 um
2141 5092 2223 5143 vero

224 5162 361 5223 naturae
382 5178 461 5224 auae
483 5160 661 5227 renuntiet.
696 5160 764 5243 Qui
785 5161 820 5227 in
841 5161 996 5245 epithetis
1017 5163 1139 5230 veteris
1161 5176 1195 5229 et
1218 5186 1223 5243 ι

224 5241 302 5306 novi
323 5251 441 5325 putant
462 5244 645 5330 apostolum
667 5244 812 5315 alludere
837 5247 880 5315 ad
902 5260 997 5315 retus
1016 5257 1051 5314 et
1072 5269 1195 5317 norum
1217 5252 1223 5308 Ι
1333 5269 1356 5336 ¹)
1372 5265 1451 5323 Haeo
1466 5264 1571 5323 nomm
1585 5263 1643 5322 loa
1661 5264 1736 5322 1551.
