4740 6016
182 272 247 340 235
854 266 996 336 EPIST.
1019 265 1161 332 PAULI
1182 267 1248 333 AD
1271 266 1501 336 asnofflos
2105 269 2170 336 ‘236

179 469 279 534 simus
308 466 348 530 ad
371 463 550 531 55555155
571 463 709 529 solliciti.
755 462 845 527 Nihil
872 462 971 526 etiam
992 459 1148 527 iuvantur
1199 448 1367 540 iustitiam,
1397 472 1429 527 et
1450 462 1520 529 vult
1549 483 1619 529 esse
1641 462 1710 529 loce
1732 463 1874 529 thoracis
1897 466 1937 528 ad
1960 476 2071 547 pectus
2096 485 2168 529 mn·

180 555 231 620 his
258 553 376 635 verbis,
406 551 462 634 qui
494 548 632 614 mediam
656 549 740 614 aeris
774 548 938 631 regionem
973 567 993 611 5
1022 546 1147 613 diabolo
1200 546 1364 613 niendum.
1431 548 1481 614 De
1517 549 1643 615 iustitia
1678 551 1821 634 gratuita
1863 563 1918 614 aut
1953 551 2169 632 imputatione

179 647 319 706 creatam
355 657 426 703 esse
448 641 481 702 et
503 634 657 717 possideri
679 636 894 699 somniarunt.
924 631 1039 714 Neque
1060 634 1147 698 enim
1200 634 1351 713 iustitiae,
1374 654 1455 716 quae
1478 646 1681 716 peecatorum
1704 636 1891 702 remissione
1913 645 2051 715 constat,
2074 637 2171 702 5155

178 735 284 791 certos
312 725 394 789 fines
422 721 486 788 illis
507 720 651 803 assignat
679 720 811 798 Paulus,
839 739 918 802 qnos
945 739 1005 783 555
1027 717 1148 784 ditione
1199 718 1403 800 quibusdam,
1432 719 1661 798 meoiudicio,
1689 718 1915 804 intempestive
1937 722 2055 786 mentio
2078 722 2169 805 inge·

181 810 365 875 obtineant:
398 808 453 873 sad
487 815 613 871 tantum
647 804 784 882 indicat,
818 804 892 868 illos
923 804 956 867 iu
997 804 1148 869 conflictu
1199 806 1293 869 51155.
1337 805 1422 871 Nam
1445 804 1484 870 15
1507 805 1592 870 51155
1614 806 1798 872 innocentia
1820 807 1887 889 agit
1905 806 2038 871 Paulos.
2081 806 2171 871 Inte-

179 898 275 961 etiam
298 893 369 960 loeo
391 913 462 958 5555
484 892 676 976 5555515555.
1199 890 1317 974 gritate
1338 891 1439 973 igitur
1456 891 1608 973 primum,
1627 890 1742 957 deinde
1764 894 1817 975 pia
1839 904 1872 958 et
1889 902 2000 957 saneta
2016 893 2083 957 vita
2098 892 2171 956 vult

266 982 315 1045 13.
352 979 547 1060 Quapropter
579 977 736 1042 assumite.
792 976 865 1041 Non
888 973 1049 1040 concludit
1071 975 1148 1040 abii·
1199 996 1269 1041 esse
1291 986 1432 1042 ornatos.

185 1068 316 1133 ciendos
344 1084 414 1129 esse
434 1063 555 1145 hastas,
582 1064 658 1144 qnia
685 1069 814 1126 tantum
843 1063 886 1125 sit
913 1060 949 1125 15
971 1060 1063 1125 55515
1092 1080 1147 1143 po·
1286 1059 1335 1126 15.
1371 1060 1515 1127 05155511.
1567 1061 1696 1127 Allodit
1727 1061 1802 1147 (5151
1837 1064 1945 1149 151155)
1977 1063 2017 1129 51
2049 1063 2173 1147 caligas

181 1154 312 1229 tentiae,
346 1150 402 1214 sed
436 1148 561 1212 animos
594 1147 790 1231 colligendos
825 1146 866 1210 51
889 1145 1146 1229 repugnandum.
1200 1146 1367 1213 militares.
1397 1147 1480 1211 Nam
1505 1148 1566 1212 hae
1585 1168 1710 1231 quoqne
1733 1154 1820 1214 iuter
1837 1169 1929 1213 arma
1945 1146 2170 1224 censebantur.

181 1237 387 1319 Quamquam
410 1234 594 1299 exhortatio
617 1233 712 1297 simul
729 1232 885 1298 victoriae
902 1231 1146 1312 promissionem
1199 1252 1336 1315 quorum
1359 1232 1467 1297 nullus
1490 1232 1577 1297 domi
1600 1254 1678 1298 naue
1700 1247 1777 1298 erat.
1824 1233 1947 1300 Sensus
1969 1248 2033 1299 est:
2057 1253 2170 1316 quem·

181 1324 332 1388 eontinet.
384 1319 467 1383 Nam
509 1319 657 1396 diceudo,
698 1329 745 1381 ut
784 1318 1001 1400 possitis,
1040 1316 1149 1381 innuit
1200 1316 1375 1383 admodum
1408 1318 1529 1384 milites
1561 1319 1717 1384 51555555
1750 1319 1853 1403 trigue
1888 1330 1920 1383 et
1953 1320 2032 1385 alias
2067 1338 2172 1384 noxas

180 1421 267 1474 certo
295 1429 353 1473 nos
379 1415 529 1482 staturos,
557 1403 702 1468 simodo
732 1404 831 1468 armis
854 1402 918 1468 Dei
951 1403 1057 1466 induti
1080 1403 1147 1467 ala·
1200 1424 1296 1470 orara
1318 1403 1471 1487 tegebant
1492 1424 1530 1470 ao
1544 1403 1659 1486 pedes:
1682 1405 1729 1469 sio
1749 1405 1917 1488 evangelio
1941 1426 1998 1469 nos
2022 1412 2172 1486 oportere

180 1495 277 1559 ariter
307 1511 507 1577 pugnemus,
540 1488 636 1572 idque
668 1508 769 1571 usque
804 1487 844 1553 ad
876 1491 983 1555 finem.
1033 1488 1149 1553 Posset
1200 1509 1272 1555 esse
1293 1489 1461 1567 calceatos,
1492 1510 1556 1570 quo
1585 1488 1687 1554 illaesi
1710 1511 1768 1572 555
1790 1492 1877 1556 5555
1900 1492 2056 1554 mundum
2083 1501 2172 1555 tran·

181 1579 269 1644 enim
303 1578 421 1660 alioqui
454 1596 512 1640 nos
545 1576 695 1659 frangere
728 1576 943 1639 certaminum
975 1573 1148 1639 multitudo
1201 1595 1337 1641 neamus.
1381 1575 1696 1658 Evangelium
1730 1577 1862 1659 panis
1892 1597 1951 1643 cur
1979 1576 2074 1657 dicat,
2103 1595 2171 1641 non

182 1678 214 1729 et
236 1666 385 1729 varietas.
429 1660 506 1726 Ideo
529 1660 615 1738 dieit,
646 1662 689 1724 in
723 1660 794 1724 die
826 1661 959 1734 malo,
989 1663 1032 1720 et
1065 1680 1149 1722 om·
1201 1662 1374 1726 ohsourum
1408 1670 1473 1725 est:
1508 1682 1624 1743 nempe
1656 1659 1696 1724 ab
1725 1661 1851 1739 effectu,
1881 1662 1957 1743 qnia
1981 1661 2100 1744 legatio
2121 1675 2174 1728 est

182 1751 320 1815 nibus
352 1748 575 1830 perantia.
630 1745 679 1810 Ac
701 1745 812 1825 priore
843 1746 967 1826 quidem
996 1764 1064 1808 voce
1084 1749 1149 1810 tarn
1201 1757 1332 1810 uestrae
1354 1765 1427 1810 oum
1450 1747 1521 1810 Deo
1544 1746 1823 1825 reconciliationis,
1847 1768 1928 1830 quae
1949 1746 2018 1811 sola
2040 1753 2173 1829 pacatas

180 1856 286 1901 eorrrm
315 1834 507 1899 securitatem
538 1832 657 1904 5551151,
686 1836 720 1894 51
747 1851 780 1894 55
809 1831 852 1896 51
873 1831 970 1895 15555
993 1831 1149 1909 5551115155
1201 1831 1307 1895 reddit
1343 1832 1566 1896 conscientias.
1616 1831 1682 1897 Sed
1722 1831 1799 1913 qnid
1838 1833 1898 1899 sibi
1939 1831 2011 1896 vult
2050 1852 2174 1898 namen

181 1927 208 1985 et
239 1921 450 1986 scelestiorem
483 1937 519 1981 oc
550 1916 746 1982 discriminis
777 1916 886 1996 pierres
917 1921 1147 1999 compararent:
1201 1916 1481 1999 praeparationis?
1536 1917 1603 1981 Alii
1643 1929 1828 1999 exponunt,
1872 1919 2012 2001 praecipi
2053 1924 2091 1981 ut
2129 1915 2174 1983 ad

181 2027 276 2088 quam
309 2027 358 2070 ees
389 2024 442 2083 spe
474 2003 617 2068 uictoriae
646 2003 776 2082 animat,
807 2002 883 2082 quio
912 2003 1005 2065 etiam
1033 2003 1067 2065 in
1097 2021 1148 2065 eo·
1201 2003 1407 2084 evangelium
1443 2003 1546 2086 parati
1578 2004 1688 2067 simus.
1734 2003 1805 2086 Itgo
1836 2015 1944 2068 autem
1974 2004 2061 2067 huno
2090 2023 2172 2085 qno·

68 2157 70 2160 .
181 2094 288 2156 tremis
305 2090 457 2173 periodis
478 2088 653 2169 superiores
672 2087 776 2168 futuri
797 2089 869 2150 sint.
913 2086 1020 2152 Altero
1046 2093 1149 2152 55155
1201 2109 1262 2170 que
1285 2088 1444 2171 evangelii
1467 2089 1615 2153 effectum
1639 2109 1710 2152 esse
1725 2090 1940 2171 interpretor:
1963 2086 2047 2170 quod
2063 2087 2171 2170 parati

182 2177 314 2242 rnembro
333 2176 482 2257 51551551
501 2174 579 2238 1555
596 2172 904 2238 mendicatarum
918 2173 998 2237 vitae
1012 2193 1147 2237 cursum.
1201 2189 1266 2237 tam
1298 2173 1337 2237 ad
1365 2176 1426 2237 iter
1454 2174 1645 2248 taciendam,
1677 2194 1773 2254 quam
1807 2175 1847 2239 ad
1877 2175 2025 2239 militiam
2057 2173 2172 2255 simne,

183 2262 319 2327 Nullum
340 2282 417 2343 crgo
445 2260 505 2324 erit
527 2264 654 2323 tantum
677 2258 861 2340 discrimen,
890 2259 940 2323 cui
970 2278 1033 2323 non
1057 2278 1148 2340 prae·
1201 2259 1440 2341 impedimentis
1474 2259 1624 2324 omuibus
1657 2259 1767 2324 soluti.
1810 2260 1936 2325 Natura
1968 2260 2055 2324 enim
2084 2259 2172 2323 tardi

182 2346 365 2413 valeatDei
382 2346 501 2409 virtus:
525 2365 585 2408 nec
607 2342 760 2407 inmedio
782 2344 886 2407 stadio
908 2345 1070 2426 definient,
1092 2344 1148 2426 qni
1201 2365 1312 2409 sumus
1341 2354 1373 2408 et
1398 2365 1511 2426 parom
1544 2343 1662 2427 agiles:
1693 2365 1736 2409 ex
1758 2346 1895 2411 adverso
1918 2346 1989 2409 viae
2011 2344 2172 2427 asperitas

184 2454 221 2499 ea
243 2432 394 2498 instructi
416 2431 571 2495 51555555
594 2428 750 2493 Satanem
774 2427 948 2496 bellabunt.
1201 2441 1234 2495 et
1261 2430 1363 2494 multa
1390 2429 1554 2496 obstacula
1587 2450 1646 2493 nos
1675 2438 1860 2511 morantur,
1887 2431 2024 2494 minima
2044 2429 2173 2495 offensa

1201 2537 1262 2582 nos
1284 2515 1441 2581 debilitat.
1485 2515 1548 2580 His
1569 2514 1693 2580 Paulus
1714 2518 1849 2599 5555511
1871 2515 2075 2598 evangelium
2099 2523 2173 2581 155·

269 2603 318 2667 14.
354 2601 440 2668 State
467 2601 564 2684 151155
589 2600 735 2666 suenum
751 2599 870 2665 lumbos
891 2601 1026 2677 55511515,
1054 2600 1148 2665 5115-
1201 2622 1297 2684 quam
1323 2602 1478 2682 optimum
1505 2600 1730 2685 suseipiendae
1758 2613 1792 2666 et
1813 2602 2017 2686 peragendae
2037 2599 2172 2681 expedi·

185 2691 254 2754 duti
276 2688 426 2754 15555555
453 2687 601 2765 iustitiae,
646 2683 695 2750 15.
726 2690 755 2750 51
785 2686 915 2751 55155511
936 2687 1034 2768 pedes
1054 2705 1149 2766 proe-
1201 2687 1299 2752 tionis
1321 2686 1587 2752 instrumentum.
1616 2685 1703 2770 Erpa
1725 2688 1881 2754 nonsatis
1902 2687 2052 2752 mmomde
2067 2685 2171 2752 Erus·

178 2776 347 2859 paratione
369 2772 519 2855 eoanpelii
535 2772 636 2854 pacis,
681 2772 730 2835 16.
763 2772 798 2835 15
820 2772 961 2837 mulidus
991 2776 1150 2854 assumpto
1201 2793 1272 2838 mus
1288 2772 1493 2853 periphrasin
1515 2771 1667 2855 adhibuit,
1689 2778 1723 2836 ut
1744 2775 1816 2838 sitis
1831 2774 1950 2854 parati.

184 2872 269 2926 scuto
285 2859 369 2941 (idei,
391 2877 451 2939 quo
468 2858 598 2939 possitis
619 2858 724 2922 emnia
745 2856 804 2921 teta
824 2858 958 2940 metipsi
974 2859 1074 2942 iprrito
1096 2878 1148 2921 55·
1288 2859 1337 2923 16.
1371 2859 1543 2940 Assumpto
1574 2863 1657 2923 55515
1687 2858 1772 2938 fidei.
1828 2858 1937 2938 Quam
1971 2879 2071 2922 unum
2104 2859 2172 2924 sint

185 2949 349 3028 stinpuere.
394 2944 444 3008 11.
478 2943 521 3007 Et
540 2942 661 3026 5515551
682 2943 835 3008 salutaris
856 2944 992 3024 aecipite,
1026 2948 1054 3007 et
1079 2943 1148 3026 515-
1202 2944 1337 3010 1115551
1360 2943 1495 3009 verbum
1517 2943 1590 3019 Dei,
1613 2944 1736 3009 Paulus
1758 2956 1865 3010 tamen
1889 2944 1953 3008 dno
1974 2944 2040 3007 illis
2062 2942 2173 3011 officia

184 3033 273 3097 diram
293 3030 511 3111 spiritusque?
536 3027 724 3093 estoerbum
747 3027 828 3092 Dei:
872 3029 921 3093 18.
950 3049 1011 3110 per
1031 3048 1150 3093 munem
1202 3030 1355 3116 assignat.
1400 3029 1512 3095 Unum
1534 3050 1605 3095 essa
1627 3030 1705 3107 1155,
1735 3031 1814 3111 quia
1838 3028 1974 3095 verbnm
2007 3029 2171 3095 obiectum

181 3116 391 3197 precationem
419 3120 448 3179 et
469 3115 636 3179 eratmnem
664 3114 749 3177 omni
776 3118 907 3194 tempore
928 3118 1091 3194 precamm
1115 3115 1151 3178 15
1202 3115 1367 3183 ostfidei:
1392 3113 2171 3197 5555111551555555555155555555555155·

184 3202 309 3284 spiritu,
333 3206 361 3266 et
388 3201 422 3265 in
453 3199 506 3265 tec
538 3200 640 3282 ipsrcm
664 3199 834 3282 5151155155,
863 3220 932 3266 cum
960 3202 1043 3264 5551
1070 3201 1150 3266 ossi·
1203 3213 1274 3279 test,
1298 3222 1396 3283 quam
1418 3222 1476 3284 per
1498 3198 1603 3266 fidem.
1634 3199 1738 3266 Sicuti
1761 3222 1890 3266 rursum
1915 3200 1996 3265 nihil
2018 3202 2068 3265 551
2089 3198 2174 3265 tides

183 3289 303 3353 deitate
328 3286 586 3368 etdeprecutionc
608 3305 670 3365 pro
699 3285 841 3350 omnihus
861 3286 994 3352 5555115·
1039 3286 1089 3351 19.
1122 3290 1151 3350 51
1201 3297 1234 3353 51
1263 3286 1347 3352 51511
1381 3291 1488 3368 551551
1520 3286 1591 3352 5155
1619 3286 1725 3352 55555.
1770 3286 1838 3352 Sed
1867 3285 1989 3351 Paulus
2021 3283 2173 3368 neglecto

178 3394 240 3455 pre
267 3392 324 3453 me,
355 3377 390 3436 ut
418 3371 497 3435 55151
526 3371 615 3436 515155
636 3390 735 3436 sermo
763 3372 797 3435 in
819 3373 973 3453 apertione
1000 3374 1066 3438 oris
1090 3371 1152 3435 mei
1202 3384 1267 3438 tam
1292 3372 1402 3438 subtili
1424 3372 1609 3438 discrimine
1631 3371 1671 3437 de
1701 3373 1863 3453 spirituali
1885 3383 2049 3438 armatura
2070 3369 2173 3437 115555

183 3480 253 3525 oum
287 3457 421 3540 fiducia,
461 3461 495 3520 nt
533 3456 724 3538 patefaciam
767 3459 946 3539 mysterium
989 3457 1151 3540 monopolii,
1201 3459 1287 3541 loqui
1310 3458 1371 3523 sibi
1394 3459 1550 3539 permisit.
1594 3457 1678 3523 Nam
1700 3470 1733 3522 et
1756 3458 1872 3541 prioris
1899 3457 1939 3522 51
1961 3455 2172 3522 Thessaloni·

184 3546 235 3609 20.
264 3564 325 3626 pro
359 3561 420 3624 quo
452 3542 598 3625 tepotione
631 3543 745 3625 funpor
779 3544 814 3605 in
846 3548 972 3608 eatena:
1017 3549 1051 3608 ut
1083 3562 1150 3609 con-
1201 3564 1314 3609 555555
1347 3544 1418 3620 5,8
1447 3543 1589 3610 thoracis
1619 3563 1735 3608 nomen
1765 3541 1840 3609 fidei
1869 3553 1902 3608 et
1926 3541 2053 3607 caritati
2080 3560 2171 3608 oom-

182 3631 313 3711 fidenter
339 3649 387 3692 me
413 3649 521 3710 poam
549 3630 584 3692 in
611 3648 660 3708 55,
687 3628 944 3709 quemadmodum
970 3633 1083 3712 oportet
1103 3647 1151 3692 nte
1203 3630 1344 3694 munitor
1373 3630 1536 3695 adscribit.
1579 3629 1674 3693 Unde
1703 3638 1847 3711 5555551,
1880 3627 1961 3694 nihil
1993 3625 2080 3693 aliud
2112 3647 2170 3691 ro-

183 3716 279 3798 loqui.
675 3716 678 3721 '
1202 3715 1300 3779 luisse
1328 3715 1444 3794 dicere,
1473 3735 1567 3795 qnam
1598 3714 1696 3797 probe
1725 3715 1889 3778 munitum
1920 3733 1991 3779 esse
2019 3711 2171 3779 55551555

1203 3801 1365 3881 55511555,
1402 3799 1546 3881 quisquis
1580 3800 1659 3876 istis,
1693 3820 1773 3881 quas
1809 3799 1966 3881 nominat,
1993 3796 2172 3865 5151511555

271 3884 321 3949 14.
354 3883 438 3949 State
459 3884 566 3967 ipitur.
617 3883 713 3946 Nunc
745 3904 827 3966 quae
863 3886 928 3948 sint
961 3906 1052 3949 arma
1084 3885 1150 3960 illa,
1203 3886 1366 3968 praeditus
1396 3887 1467 3949 erit.
1513 3885 1586 3949 Non
1612 3885 1668 3949 abs
1697 3905 1733 3949 re
1755 3894 1862 3949 autem
1885 3905 1967 3967 qnae
1995 3883 2173 3966 praecipua

185 3992 269 4054 quae
290 3969 425 4034 induere
447 3971 595 4043 iusserat,
618 3967 779 4033 describit.
808 3969 921 4052 Neque
941 3982 1048 4035 tamen
1071 3970 1151 4035 adeo
1202 3981 1280 4035 sunt
1302 3971 1467 4055 pugnandi
1490 3973 1705 4036 instrumenta
1727 3970 1802 4035 fidei
1825 3982 1858 4035 et
1882 3970 1980 4036 verbo
1994 3969 2058 4033 Dei
2079 3988 2171 4034 oom-

185 4056 371 4139 scrupulose
409 4054 608 4136 exquirenda
640 4065 689 4120 est
727 4055 977 4136 uniuscuiusque
1010 4056 1151 4120 nominis
1202 4063 1305 4139 parat,
1334 4056 1477 4141 gladium
1505 4055 1625 4121 scilieet
1648 4077 1685 4121 ac
1713 4065 1849 4121 scutum.
1905 4056 1989 4121 Nam
2016 4062 2104 4121 certe
2132 4053 2170 4118 in

186 4139 1150 4223 55115;551555115555511,511551555115155515155·
1202 4163 1312 4224 pugna
1342 4141 1499 4224 spirituali
1528 4142 1608 4206 haec
1641 4141 1704 4206 duo
1738 4143 1859 4223 primas
1891 4151 2019 4206 tenent:
2052 4158 2171 4221 nempe

186 4229 289 4293 bitum
313 4226 495 4291 militarem.
539 4224 682 4289 Proinde
703 4224 818 4290 frivola
846 4235 895 4290 est
917 4246 1025 4291 eorum
1050 4227 1152 4292 ourio-
1202 4229 1277 4307 quia
1299 4227 1361 4292 lide
1384 4227 1568 4308 repellimus
1596 4249 1707 4292 omnes
1735 4228 1852 4293 diaboli
1881 4227 2034 4292 insultus:
2068 4224 2171 4289 55555

114 4318 117 4326 ’
186 4310 1151 4395 51155,55155511555555555155555555151555551551
1203 4323 1309 4378 autem
1334 4311 1397 4377 Dei
1418 4313 1519 4378 hostis
1541 4314 1610 4394 1555
1633 4333 1764 4394 5555555
1786 4314 1963 4379 conficitur.
2008 4310 2081 4375 Η55
2102 4320 2169 4377 est:

185 4419 243 4464 eur
264 4397 371 4480 potius
392 4396 518 4462 institia
547 4396 663 4461 thorax
688 4397 732 4461 sit
760 4417 855 4478 qoam
889 4398 1021 4463 balteus.
1066 4398 1149 4463 (lon-
1202 4399 1285 4463 siin
1308 4397 1553 4464 nobisverbam
1576 4399 1638 4462 Dei
1657 4399 1771 4464 efficax
1795 4419 1852 4478 555
1873 4397 1971 4461 fidem
1993 4397 2065 4477 erit,
2088 4396 2171 4462 satis

187 4483 293 4549 silium
325 4482 409 4547 enim
433 4481 525 4545 Pauli
554 4482 625 4559 tuit,
657 4500 695 4546 ea
717 4482 857 4547 breviter
874 4484 1042 4567 attingere,
1070 4504 1151 4566 quae
1202 4505 1361 4567 superque
1382 4484 1499 4549 armati
1521 4486 1643 4548 erimus
1672 4493 1737 4546 tam
1760 4482 1800 4546 51
1823 4480 2044 4566 repellendum
2070 4500 2172 4564 quam

187 4570 357 4651 praecipue
390 4568 600 4648 requiruntur
625 4567 661 4631 15
683 4568 814 4633 homine
835 4570 1029 4634 christiano:
1059 4580 1152 4634 5155
1202 4568 1241 4632 51
1270 4569 1506 4650 pmfligandum
1529 4570 1655 4634 hostem
1678 4576 1832 4634 nostrum.
1877 4568 1943 4648 Qui
1970 4579 2079 4632 autem
2107 4567 2172 4631 ari·

188 4661 304 4738 aptare
326 4653 531 4719 similitudini
556 4654 643 4736 prins
664 4650 832 4719 adductae.
876 4652 1151 4731 Veritatem,
1202 4656 1296 4737 51551
1327 4655 1515 4720 Christiano
1549 4654 1667 4736 555515
1700 4654 1834 4719 verbnm
1860 4653 1935 4733 Dei,
1967 4651 2045 4736 quid
2077 4652 2170 4719 aliud

186 4759 250 4823 qno
279 4739 434 4806 vocabulo
464 4740 616 4823 intelligit
655 4739 816 4804 sincerum
845 4741 1008 4825 animum,
1044 4739 1152 4805 balteo
1201 4750 1303 4824 agunt
1323 4760 1419 4821 qnam
1434 4740 1520 4823 quod
1543 4741 1731 4805 necessariis
1749 4741 1848 4804 armis
1865 4741 2016 4823 55511551,
2039 4747 2076 4804 51
2096 4739 2171 4805 5155

185 4837 362 4909 comparat.
413 4825 495 4889 Erat
531 4838 639 4889 autem
682 4824 808 4889 balteos
842 4824 918 4889 olim
956 4828 989 4888 in
1033 4836 1151 4891 ornatu
1202 4826 1352 4891 conflictu
1374 4824 1506 4907 pareat?
1552 4824 1654 4890 Nemo
1675 4827 1762 4890 enim
1795 4838 1843 4891 est
1868 4825 2012 4891 cuiusvis
2033 4822 2170 4906 ordinis,

189 4912 323 4977 militari
346 4932 472 4975 55555
497 4911 676 4993 praecipuis
698 4908 852 4990 partibus.
898 4909 1031 4976 Interim
1051 4916 1153 4976 155555
1202 4932 1296 4993 quern
1333 4931 1398 4975 non
1431 4919 1579 4993 oporteat
1611 4909 1745 4975 militam
1782 4931 1853 4977 ease
1885 4910 2017 4977 Christi.
2063 4910 2174 4977 Porro.

188 4999 229 5063 ad
245 4998 361 5080 155155
381 4998 569 5062 sinceritatis
589 4996 722 5077 respicit,
745 4996 821 5076 quia
842 5017 897 5062 nos
917 4997 1069 5080 eoanpetii
1090 5016 1150 5079 pu-
1201 4997 1342 5061 militare
1363 4996 1504 5061 inermes
1531 5014 1569 5060 ao
1591 4995 1698 5081 gladio
1721 4995 1865 5061 destituti
1886 5008 1942 5078 qm
1964 4994 2169 5079 poterimus?

186 5084 268 5148 ritas
284 5082 1015 5165 5551155151551155555555,5155555555
1037 5081 1151 5147 adster-
1288 5081 1422 5149 Pessitis
1451 5082 1513 5148 1515
1546 5081 1661 5147 omnia.
1703 5081 1883 5166 Improprie
1916 5081 2075 5165 loquitur:
2113 5080 2170 5149 de·

185 5190 255 5251 perc
284 5191 328 5241 ee,
342 5167 484 5235 55511555
506 5170 620 5232 5551515
641 5166 733 5233 15151.
778 5166 925 5234 Secundo
947 5167 1151 5233 commendat
1201 5168 1317 5233 buerat
1348 5168 1436 5232 enim
1467 5166 1577 5250 potins
1606 5167 1777 5234 51155555
1807 5166 1996 5250 5551515511,
2024 5166 2078 5234 551
2105 5168 2170 5235 dia·
