4740 6016
182 291 245 358 159
858 290 1003 359 EPIST.
1028 290 1171 358 PAULI
1193 291 1258 359 AD
1281 289 1512 360 upfluslos
2119 289 2186 357 160

180 500 312 564 gerasse
346 479 406 543 hoa
429 478 558 544 titulos:
595 500 632 544 ac
658 479 685 544 si
716 479 845 557 diceret,
879 480 970 544 Nihil
1004 490 1053 546 est
1087 491 1153 546 tam
1207 481 1257 545 Ne
1276 482 1348 564 quis
1364 489 1470 545 tamen
1487 480 1534 546 ιιι
1547 479 1683 562 accipiat
1698 479 1791 563 quasi
1806 478 1930 562 aliquid
1947 479 2031 546 desit
2046 476 2185 547 Christo

181 566 320 632 sublime
342 577 398 629 aut
415 565 589 645 excellens,
612 585 801 649 quocunque
820 567 951 630 nomine
973 577 1154 647 censeatur,
1206 567 1234 632 si
1257 566 1355 631 luerit
1376 587 1396 631 ι
1418 567 1511 632 nobis
1532 577 1717 648 separatus:
1747 566 1902 631 continuo
1925 565 2048 632 Paulus
2079 562 2183 642 addit,

179 652 269 735 quod
299 671 362 715 nou
393 651 571 717 subiectum
602 653 645 714 sit
675 650 800 716 Christi
831 651 1003 718 maiestati.
1049 651 1154 718 Vetus
1207 654 1341 735 ipsum
1375 653 1522 716 omnia
1550 653 1592 715 in
1624 650 1819 716 omnibus
1852 650 2040 733 implere.
2085 647 2183 732 Quod

179 739 268 803 enim
302 737 363 801 luit
399 736 455 801 illa
487 736 694 819 superstitio,
728 758 765 802 ao
787 749 850 802 tam
873 738 1026 820 gentibus
1055 759 1153 820 quam
1206 758 1284 822 ergo
1317 736 1387 801 vult
1416 737 1546 819 impleri
1579 747 1613 803 et
1640 737 1806 819 perlectus
1835 736 2072 820 quodammodo
2110 754 2184 803 esse

181 823 313 889 Iudaeis
347 823 545 900 communis,
585 821 688 887 multa
724 822 764 886 de
797 823 923 907 angelis
955 824 1153 891 comminisci
1207 825 1240 887 in
1256 822 1360 901 nobis,
1382 821 1416 888 id
1432 844 1497 887 non
1514 822 1630 888 accidit
1645 844 1685 888 ex
1713 822 1840 889 delectu
1864 822 1916 888 vel
1934 822 2060 905 iuopia:
2078 841 2182 906 quum

180 930 265 991 quae
288 909 396 975 aDec
414 919 540 972 mentes
563 918 596 972 et
622 929 699 972 vero
718 909 897 973 mediatore
919 909 1153 975 abstraherent
1206 911 1317 975 omnia
1337 909 1407 991 ipse
1429 909 1576 991 perficiat
1591 919 1658 973 tam
1680 911 1715 973 in
1739 908 1833 973 nobis
1854 928 1949 991 quam
1971 909 2005 972 in
2021 908 2184 974 creaturis

179 997 295 1074 tiuare
329 994 390 1058 hoc
422 993 541 1075 ubique
573 1006 668 1058 cavet
692 993 833 1071 Paulus,
868 1014 909 1058 ne
943 995 1155 1078 imaginarius
1206 996 1363 1061 omnihus.
1408 994 1457 1062 Ac
1485 995 1650 1059 somnior
1679 1007 1814 1077 apparet
1836 997 1905 1060 eius
1928 993 2066 1073 bouitas,
2094 991 2184 1076 quod

181 1081 237 1146 ille
265 1079 455 1164 angelorum
486 1078 592 1163 fulgor
619 1079 728 1145 oculos
761 1079 928 1144 hominum
955 1081 1157 1163 perstringat
1207 1104 1248 1147 ex
1271 1080 1374 1145 nihilo
1397 1101 1459 1144 nos
1480 1100 1552 1146 esse
1573 1080 1659 1158 lacit,
1681 1091 1719 1145 ut
1740 1081 1784 1145 sit
1802 1082 1871 1163 ipse
1892 1099 2019 1162 quoque
2036 1078 2182 1146 vicissim

178 1167 281 1231 etita
303 1164 429 1232 Christi
451 1164 658 1248 splendorem
680 1165 841 1231 obscuret.
886 1166 931 1230 Et
954 1180 1063 1232 tamen
1088 1187 1153 1231 non
1206 1167 1254 1236 in.
1276 1166 1369 1231 uobis
1396 1184 1434 1230 ac
1457 1166 1556 1231 vivat.
1599 1164 1808 1248 Quamquam
1833 1185 1943 1231 vocem
1977 1165 2089 1230 omnia
2116 1184 2187 1232 res·

182 1252 285 1332 potuit
315 1250 443 1315 efficere
473 1272 532 1317 sua
554 1250 722 1333 diligentia
744 1253 822 1335 quin
851 1251 971 1318 diaboli
1000 1265 1091 1318 astus
1119 1252 1154 1315 in
1206 1251 1369 1336 stringere
1401 1251 1442 1316 ad
1479 1252 1757 1316 circumstantiam
1791 1250 1972 1334 praesentis
2006 1250 2067 1317 loci
2115 1271 2184 1317 non

181 1338 243 1400 hae
273 1344 365 1418 parte
394 1337 609 1419 praevaleret.
653 1337 811 1403 Videmus
836 1338 923 1402 enim
954 1348 991 1401 ut
1012 1335 1155 1402 mundus
1207 1339 1269 1403 erit
1291 1337 1479 1403 absurdum.
1512 1337 1598 1401 Nam
1622 1340 1785 1419 utcunque
1803 1336 1956 1402 Christus
1977 1337 2087 1401 omnia
2108 1356 2185 1420 per·

180 1425 212 1486 in
242 1422 367 1505 angelis
399 1443 571 1505 perperam
602 1433 778 1507 occupatus
813 1444 833 1488 a
860 1423 993 1488 Christo
1035 1423 1154 1489 disces·
1207 1425 1294 1489 ficiat
1318 1435 1400 1488 nutu
1424 1423 1610 1504 virtuteque
1632 1440 1709 1487 sua:
1732 1437 1841 1487 tamen
1870 1422 2054 1505 specialiter
2076 1422 2184 1506 lcqui·

181 1507 267 1572 serit.
317 1507 457 1573 Necesse
496 1510 584 1574 enim
623 1517 673 1574 est
711 1510 758 1574 ita
795 1507 957 1588 accidere,
998 1518 1034 1573 ut
1070 1511 1155 1574 inter
1209 1522 1264 1574 tur
1287 1509 1340 1574 hic
1362 1508 1487 1574 Paulus
1510 1509 1550 1572 de
1572 1507 1735 1590 spirituali
1762 1508 1917 1574 ecclesiae
1938 1509 2187 1590 gubernatione.

180 1593 312 1659 fictitias
339 1591 379 1658 de
408 1594 534 1678 angelis
561 1594 730 1677 opiniones
759 1615 840 1678 pura
863 1594 987 1661 Christi
1013 1595 1155 1680 cognitio
1207 1593 1298 1659 Nihil
1321 1594 1452 1676 quidem
1469 1594 1605 1677 impedit
1622 1594 1795 1676 quominus
1814 1593 1854 1659 de
1870 1592 2048 1659 universali
2068 1592 2187 1659 mundi

178 1691 363 1745 evanescat.
1207 1680 1445 1763 gubernatione
1467 1680 1622 1763 accipias:
1651 1680 1706 1745 aad
1722 1678 1886 1760 probabile
1908 1684 1951 1746 est
1971 1680 2015 1746 od
2031 1696 2189 1761 praecea-

268 1765 372 1847 δωρον
393 1785 480 1830 mnne
503 1785 620 1830 nomeu
652 1764 717 1831 Hie
734 1786 851 1830 nomen
868 1787 926 1849 pro
942 1765 1155 1849 amplitudine
1207 1771 1267 1832 tem
1287 1767 1557 1833 circumstantiam
1576 1767 1736 1849 restringi.

180 1851 231 1915 vel
263 1851 457 1918 excellentia
484 1852 626 1932 capitur:
661 1851 756 1916 sicuti
779 1853 941 1916 nominari
978 1873 1036 1934 pro
1068 1850 1156 1916 fama
1580 1888 1583 1894 ·

180 1954 215 2001 et
236 1936 386 2002 laudibus
407 1935 574 2002 celebrari.
619 1937 789 2003 Saeculi
816 1945 926 2002 ιιιιιιιι
948 1939 1036 2001 iut‘u
1046 1938 1079 2002 ri
1107 1937 1155 2001 di·

180 2033 305 2087 sertam
333 2023 410 2086 lacit
432 2023 646 2099 mentionem,
678 2032 716 2088 ut
737 2024 915 2107 significet,
946 2043 1010 2088 non
1033 2035 1155 2105 tempo·
1563 2023 1748 2105 CAPUT
1770 2026 1826 2104 Π,

182 2107 282 2172 ralem
306 2129 377 2174 esse
400 2107 523 2173 Christi
546 2108 784 2188 excellentiam,
806 2109 862 2174 sed
886 2121 1069 2174 aeternam:
1097 2130 1156 2175 nec

182 2194 303 2258 mundo
336 2194 511 2272 contineri,
541 2195 597 2259 sed
626 2196 742 2260 florere
769 2195 867 2258 etiam
897 2195 930 2258 ιιι
953 2194 1017 2259 Ι)ιι
1044 2215 1155 2278 regne.
1296 2197 1326 2260 1.
1348 2193 1393 2259 Et
1412 2215 1466 2260 coe
1487 2214 1584 2276 quum
1604 2192 1985 2259 assumitarum
2007 2192 2188 2273 tremata

183 2279 277 2345 Unde
318 2291 351 2342 ιι
387 2278 510 2345 Ιιιιιιι
549 2279 642 2344 illum
683 2291 852 2365 nuncupat
890 2290 1016 2363 patrem
1056 2281 1156 2345 futuri
1209 2283 1330 2362 ratris,
1374 2281 1404 2345 2.
1427 2282 1461 2345 ιι
1483 2279 1596 2363 quibus
1621 2279 1791 2362 aliquando
1811 2278 1997 2345 ambulastis
2018 2279 2189 2345 sessum

182 2365 300 2431 saeculi
313 2363 356 2449 (9,
369 2364 412 2450 5).
440 2363 587 2443 Summa,
603 2385 717 2431 omnes
733 2368 924 2449 angelorum
939 2375 973 2430 ιι
988 2366 1156 2430 hominum
1209 2369 1368 2433 saeculam
1384 2367 1496 2431 mandi
1517 2366 1622 2446 leuius,
1644 2367 1812 2432 suendum
1829 2365 2187 2449 pertemptatam

182 2451 302 2534 glorias
331 2454 366 2515 in
389 2451 537 2516 ordinem
560 2453 662 2535 cogit,
694 2463 731 2514 ut
753 2451 878 2516 Christi
906 2451 1028 2536 gloriae
1050 2451 1156 2517 locum
1210 2455 1303 2532 cerie,
1331 2453 1466 2534 spiritus
1488 2451 1603 2518 scilicet
1622 2454 1678 2534 qui
1699 2473 1781 2518 uano
1803 2457 1951 2536 operatur
1979 2451 2015 2515 ia
2034 2450 2114 2533 filiis
2137 2450 2187 2516 ia·

181 2537 314 2608 cedant:
347 2557 410 2620 quo
441 2538 509 2602 sola
537 2537 658 2620 absque
685 2538 760 2602 ullis
782 2538 1022 2622 impedimentis
1043 2559 1156 2621 super·
1209 2539 1408 2621 obedientiae,
1452 2538 1482 2603 3.
1505 2540 1585 2604 inter
1606 2558 1682 2619 quos
1703 2558 1760 2603 nos
1781 2558 1900 2620 qaoque
1917 2556 2020 2602 omues
2042 2536 2189 2618 aecae

180 2625 331 2689 emineat.
1209 2627 1248 2690 do
1269 2625 1440 2691 conversati
1461 2644 1571 2689 sumas
1592 2623 1628 2687 ιιι
1648 2626 1903 2706 concupiscentits
1927 2624 2189 2703 eratanostrae,

267 2710 319 2774 22.
354 2708 468 2790 Ipsum
483 2709 592 2790 posuit
613 2713 714 2790 capte.
744 2708 818 2774 Hoc
839 2720 898 2786 est,
921 2731 959 2774 ea
975 2709 1158 2775 conditione
1209 2712 1358 2792 [αιιιιιιι
1379 2731 1460 2792 quoe
1481 2711 1572 2776 curel
1594 2708 1728 2775 libabant
1749 2715 1777 2774 et
1798 2710 1905 2775 mesti:
1937 2714 2112 2775 uersutus
2128 2727 2188 2775 stc·

181 2794 276 2860 illum
299 2794 453 2860 ecelesiae
475 2810 574 2876 caput
594 2796 765 2878 praefecit,
796 2798 833 2859 ut
854 2797 1000 2860 omnium
1027 2796 1157 2878 dispen·
1210 2802 1284 2862 turo
1304 2798 1368 2878 fitia*
1390 2797 1466 2879 irae,
1488 2798 1570 2862 sicot
1593 2800 1620 2861 et
1641 2797 1761 2862 caeteri.

182 2882 342 2946 sationem
365 2880 494 2945 habeat.
525 2879 697 2964 Significat
719 2892 828 2946 autem
852 2901 916 2946 non
940 2902 1010 2947 essa
1033 2882 1157 2946 nudum

182 2966 352 3043 honorem,
375 2966 459 3049 quod
482 2977 580 3049 caput
602 2967 755 3033 ecclesiae
777 2967 973 3033 constitutus
991 2979 1058 3032 est:
1081 2967 1158 3049 quia
1297 2969 1326 3033 1.
1357 2967 1401 3032 Et
1422 2988 1475 3033 eos
1504 2987 1600 3049 quum
1625 2967 1741 3032 essetis
1788 2965 2010 3050 Epexcrgasia
2038 2964 2189 3047 superio·

182 3053 279 3117 simul
300 3052 398 3134 plena
416 3072 527 3117 rerum
544 3054 689 3118 omnium
706 3061 848 3135 potestas
866 3060 900 3118 ιι
918 3053 1158 3118 administratio
1211 3074 1294 3130 rum,
1318 3055 1379 3117 hoc
1401 3066 1451 3118 est
1472 3056 1726 3136 expositionum
1750 3053 1976 3116 illustratione.
2013 3051 2100 3116 Nam
2123 3071 2189 3135 quc

182 3137 229 3202 illi
259 3139 301 3202 sit
327 3138 508 3203 commissa.
553 3138 749 3221 Metaphcra
770 3139 888 3218 capitis
924 3138 977 3202 hic
1004 3137 1046 3203 ad
1079 3139 1158 3202 emi·
1210 3139 1327 3204 melius
1349 3140 1502 3221 Ephesiis
1531 3139 1750 3204 accommodet
1778 3137 1963 3221 generalem
1992 3137 2082 3202 illam
2111 3157 2191 3222 gra·

183 3226 330 3289 nentium
365 3224 512 3289 retertur.
556 3223 607 3290 De
631 3227 761 3291 nemius
794 3245 857 3290 nou
887 3223 1026 3289 libenter
1047 3222 1156 3306 litigo:
1211 3226 1276 3289 tiae
1298 3225 1582 3307 praedicationem,
1614 3225 1791 3308 pristinum
1814 3225 1880 3288 illis
1907 3234 2029 3287 statum
2052 3225 2087 3285 in
2119 3242 2188 3287 me·

182 3311 237 3374 sod
266 3309 360 3375 hodie
390 3309 468 3373 idoli
498 3312 623 3375 romani
655 3310 839 3376 adulatores
868 3331 927 3374 sua
949 3310 1157 3391 improbitate
1211 3311 1347 3375 moriam
1378 3312 1511 3376 reducit.
1565 3310 1651 3376 Sunt
1681 3324 1789 3375 autem
1820 3311 1883 3374 duo
1903 3307 2058 3372 ‘membra
2087 3306 2189 3373 huius

183 3418 241 3461 nos
270 3395 311 3460 ad
341 3396 373 3459 id
401 3401 531 3478 cogunt.
575 3396 659 3460 Nam
683 3418 784 3479 quum
807 3395 961 3462 Christus
990 3396 1079 3461 solus
1102 3416 1157 3461 vo·
1210 3396 1445 3479 applicationis,
1471 3417 1527 3460 vus
1544 3397 1704 3480 quondam
1721 3397 1819 3460 eratis
1836 3393 1973 3477 perditi:
1992 3392 2189 3461 nuncDeua

182 3494 275 3547 catur
292 3491 399 3564 caput,
422 3490 509 3546 certe
531 3503 644 3547 omnes
667 3491 735 3546 tam
756 3481 865 3566 angeli
887 3503 984 3565 quam
1007 3482 1158 3546 homines
1211 3504 1270 3547 vos
1299 3503 1360 3546 sua
1389 3485 1495 3564 gratia
1525 3482 1566 3546 ab
1599 3485 1697 3547 exitio
1731 3482 1893 3546 liberavit.
1938 3478 2005 3545 Sed
2038 3478 2119 3544 dum
2151 3478 2188 3547 iu

182 3569 215 3632 iu
248 3566 361 3633 erdem
397 3568 618 3632 membrorum
652 3581 831 3651 coguntur:
869 3576 906 3632 ιιι
938 3569 994 3651 qui
1027 3568 1159 3634 excellit
1210 3582 1348 3650 utroque
1371 3570 1516 3634 membre
1537 3569 1766 3652 exaggerando
1781 3568 1981 3643 immoratur,
2007 3564 2189 3649 hyperbato

182 3654 325 3718 maxime
354 3673 454 3733 supra
483 3653 582 3730 alios,
610 3653 653 3719 sit
676 3665 786 3719 tamen
809 3673 912 3719 unum
940 3676 981 3719 ex
1005 3654 1158 3720 membris
1210 3653 1371 3720 abscindit
1388 3655 1577 3719 orationem.
1614 3653 1788 3719 Caeterum
1806 3663 1969 3734 uteunque
1990 3652 2087 3717 verba
2105 3671 2191 3716 ncn-

183 3739 243 3803 sub
259 3741 425 3804 communi
440 3739 556 3820 capite.
585 3741 688 3821 Atqui
706 3740 788 3805 nihil
804 3761 858 3805 eos
873 3740 973 3823 pudet
988 3740 1157 3805 ecclesiam
1211 3739 1295 3803 nihil
1318 3741 1383 3803 sint
1404 3738 1571 3821 perplexa,
1598 3760 1712 3805 sensus
1735 3751 1845 3805 tamen
1868 3737 1976 3804 clarus
1998 3745 2062 3802 est:
2091 3735 2190 3803 modu

184 3825 352 3890 clamitare
392 3822 556 3908 ἀκέφαλον
596 3826 758 3905 futuram,
798 3827 860 3891 nisi
901 3846 1000 3890 unum
1040 3825 1159 3891 habeat
1210 3823 1252 3889 ad
1269 3825 1341 3890 illas
1364 3824 1444 3889 duas
1459 3836 1569 3907 partos
1591 3827 1770 3890 referamus
1785 3822 1943 3907 quidquid
1961 3821 2048 3889 dicit
2087 3821 2189 3889 Nunc

183 3922 313 3993 praeter
333 3909 504 3976 Christum
541 3912 577 3975 in
600 3913 696 3977 terris
724 3921 833 3994 eaput.
877 3910 951 3975 Hcc
986 3932 1061 3976 vero
1091 3912 1158 3976 soe·
1211 3911 1251 3976 de
1277 3911 1384 3994 priore
1414 3911 1591 3976 videamus.
1636 3909 1726 3977 Dicit
1752 3924 1938 3975 mortuos
1966 3908 2120 3975 fuisse:
2153 3918 2189 3974 st

183 3996 354 4062 dissimum
371 4008 419 4063 est
434 3997 650 4081 sacrilegium,
670 4011 735 4062 tam
752 4019 866 4081 parum
882 3996 1158 4062 honorisChristo
1210 3997 1308 4062 simul
1342 3997 1497 4079 exprimit
1527 3997 1641 4061 mortis
1671 4017 1817 4062 causam:
1852 4016 1970 4077 nempe
1998 4004 2187 4077 peecata.

184 4083 342 4159 tribuere,
374 4094 412 4146 ut
433 4084 549 4148 mutila
571 4084 707 4150 ecelesia
729 4094 899 4149 censeatur
928 4083 956 4146 si
979 4081 1068 4147 solus
1089 4083 1159 4165 ipse
1211 4084 1285 4148 Non
1309 4082 1463 4165 intelligit
1489 4083 1595 4148 solum
1618 4082 1718 4147 fuisse
1744 4083 1779 4146 in
1802 4082 1917 4146 mortis
1939 4078 2099 4162 periculo:
2126 4079 2186 4146 sed

183 4169 329 4233 obtineat
347 4168 503 4234 honorem
527 4181 655 4252 epatre
677 4168 739 4233 sibi
763 4169 927 4235 collatum.
957 4168 1027 4232 Nos
1049 4178 1158 4233 autem
1212 4168 1332 4233 realem
1355 4180 1492 4233 mortem
1524 4169 1745 4251 significatae
1775 4180 1990 4250 praesentem,
2023 4186 2088 4249 qua
2119 4164 2188 4231 iam

184 4253 354 4318 audiamus
387 4256 568 4337 apostolum
595 4257 860 4336 pronuntiantem
891 4252 1058 4319 ecclesiam
1088 4275 1159 4320 esse
1211 4266 1304 4319 erant
1333 4254 1489 4336 oppressi.
1534 4255 1619 4319 Nam
1648 4274 1749 4337 quum
1776 4251 1954 4335 spiritualis
1983 4272 2072 4318 mors
2101 4250 2188 4317 nihil

182 4359 301 4422 corpus
323 4339 427 4405 illius:
457 4361 522 4424 quo
544 4340 709 4426 significat
731 4341 883 4423 indignos
912 4361 983 4404 esse
1005 4338 1159 4407 ecclesiae
1211 4340 1300 4404 aliud
1334 4342 1386 4419 sit,
1419 4360 1518 4422 quam
1551 4340 1703 4405 alienatio
1738 4340 1865 4405 animae
1897 4359 1916 4403 a
1951 4339 2038 4404 Deo:
2071 4357 2189 4403 omnes

186 4424 412 4490 communione
437 4429 491 4508 qui
519 4427 568 4490 illi
597 4447 632 4491 ιι
662 4427 853 4492 submittere
875 4436 1036 4491 recusant.
1073 4427 1159 4491 Nam
1211 4425 1331 4490 mortui
1354 4429 1524 4501 nascimur,
1555 4438 1588 4490 et
1610 4427 1730 4491 mortui
1754 4426 1904 4506 vivimus,
1935 4424 2037 4489 donec
2063 4423 2189 4490 efficia-

186 4513 293 4575 unitas
316 4510 470 4576 ecclesias
491 4511 532 4576 ab
554 4513 625 4594 ipso
649 4534 713 4576 uno
737 4513 867 4594 pendet.
1210 4532 1284 4575 mur
1307 4512 1395 4576 vitae
1418 4512 1542 4578 Christi
1573 4513 1757 4595 participes.
1803 4510 1898 4577 Unde
1924 4509 2007 4575 illud
2027 4509 2190 4577 Iohanriis

270 4595 323 4661 23.
348 4593 693 4678 Complementumes'us.
728 4598 793 4664 Hic
807 4619 882 4664 vero
893 4619 1041 4663 summus
1054 4597 1159 4662 honor
1210 4597 1254 4681 (5,
1277 4596 1344 4680 28),
1376 4598 1443 4662 iam
1474 4601 1563 4663 venit
1591 4598 1672 4664 hora
1702 4611 1737 4663 ut
1758 4599 1880 4661 mortui
1908 4596 2044 4661 audiant
2073 4615 2189 4662 rocem

185 4693 233 4748 est
251 4682 414 4765 ecclesiae,
438 4684 524 4766 quod
540 4706 574 4749 se
597 4683 686 4748 filius
701 4682 764 4747 Dei
785 4683 1024 4765 quodammodo
1040 4685 1157 4767 imper·
1210 4683 1268 4748 lilii
1291 4682 1370 4747 Dei:
1393 4684 1503 4766 etqui
1526 4684 1696 4766 audierint,
1720 4684 1843 4748 vivunt.
1888 4683 2050 4764 Papistae,
2071 4682 2129 4764 qui
2152 4684 2188 4746 in

186 4770 307 4834 lectum
330 4780 470 4850 reputat,
501 4771 563 4835 nisi
591 4770 684 4834 nobis
707 4771 750 4835 sit
778 4771 982 4836 coniunctus.
1027 4769 1159 4850 Quanta
1211 4769 1272 4835 hoc
1294 4770 1355 4833 teti
1384 4768 1578 4834 incumbunt
1600 4783 1636 4833 ut
1658 4769 1775 4852 quovis
1803 4768 1899 4833 modo
1921 4778 2101 4833 extenuent
2121 4765 2189 4832 Dei

185 4854 373 4936 consolatio,
396 4853 473 4917 dum
495 4856 647 4921 audimus
665 4868 744 4921 tuno
766 4857 898 4920 demum
920 4859 988 4921 suis
1008 4856 1159 4921 omnibus
1210 4855 1359 4939 gratiam,
1387 4855 1499 4919 dicunt
1522 4875 1580 4919 nos
1610 4867 1704 4920 extra
1726 4854 1895 4921 Christum
1919 4874 1991 4919 esse
2015 4853 2187 4919 semimor-

186 4941 332 5022 partibus
361 4952 509 5005 constare
543 4953 575 5007 et
605 4943 768 5024 integrum
806 4943 889 5007 velle
923 4942 1046 5020 haberi,
1081 4942 1159 5006 dum
1210 4954 1293 5006 tuos.
1338 4942 1440 5023 Atqui
1469 4960 1535 5004 non
1565 4943 1686 5005 frustra
1712 4939 1874 5005 Dominus
1904 4941 1974 5023 ipsc
2002 4951 2036 5005 st
2068 4938 2189 5005 deinde

187 5046 246 5089 nos
272 5046 381 5090 secum
413 5024 521 5090 habet.
565 5027 660 5093 Unde
690 5029 724 5092 in
756 5028 863 5110 priore
895 5029 935 5092 ad
960 5027 1159 5107 Corinthios,
1211 5027 1375 5108 apostolus
1409 5047 1469 5090 nos
1500 5028 1628 5109 penitus
1657 5026 1838 5091 excludunt
1870 5048 1890 5092 a
1923 5029 1999 5102 vita,
2029 5025 2188 5108 quamdiu

186 5109 264 5174 dum
303 5110 550 5177 similitudinem
588 5121 707 5180 tractat
740 5113 874 5178 humani
908 5115 1060 5197 corporis,
1098 5113 1158 5178 suh
1211 5131 1381 5177 manemus
1417 5114 1450 5178 in
1484 5113 1608 5177 Adam:
1646 5133 1704 5177 nec
1742 5113 1865 5177 frustra
1902 5111 2187 5195 regenerationem

187 5216 252 5259 uno
282 5195 405 5263 Christi
435 5200 565 5265 nomine
594 5211 695 5265 totam
725 5199 894 5265 ecclesiam
924 5198 1157 5281 complectitur.
1211 5199 1426 5280 pronuntiant
1446 5219 1518 5266 esse
1541 5221 1658 5265 nevam
1681 5198 1810 5264 animae
1833 5201 1946 5280 vitam,
1972 5217 2035 5280 qua
2057 5217 2077 5262 a
2098 5217 2190 5262 mor-
