<?xml version="1.0" encoding="UTF-8"?>
<!DOCTYPE html PUBLIC "-//W3C//DTD XHTML 1.0 Transitional//EN"
    "http://www.w3.org/TR/xhtml1/DTD/xhtml1-transitional.dtd">
<html xmlns="http://www.w3.org/1999/xhtml" xml:lang="en" lang="en">
 <head>
  <title>
</title>
<meta http-equiv="Content-Type" content="text/html;charset=utf-8" />
  <meta name='ocr-system' content='tesseract 3.04.00' />
  <meta name='ocr-capabilities' content='ocr_page ocr_carea ocr_par ocr_line ocrx_word'/>
</head>
<body>
  <div class='ocr_page' id='page_1' title='image "./ioanniscalvinio00calvgoog_0566.png"; bbox 0 0 4762 6016; ppageno 0'>
   <div class='ocr_carea' id='block_1_1' title="bbox 1025 1935 1366 2004">
    <p class='ocr_par' dir='ltr' id='par_1_1' title="bbox 1025 1935 1366 2004">
     <span class='ocr_line' id='line_1_1' title="bbox 1025 1935 1366 2004; baseline 0.003 -3"><span class='ocrx_word' id='word_1_1' title='bbox 1025 1935 1366 2004; x_wconf 76' lang='lat' dir='ltr'><strong>ARGUMEN&#39;I&#39;UM.</strong></span> 
     </span>
    </p>
   </div>
   <div class='ocr_carea' id='block_1_2' title="bbox 184 2327 2208 5332">
    <p class='ocr_par' dir='ltr' id='par_1_2' title="bbox 184 2327 2208 5332">
     <span class='ocr_line' id='line_1_2' title="bbox 275 2327 2203 2416; baseline 0.002 -17"><span class='ocrx_word' id='word_1_2' title='bbox 275 2333 327 2399; x_wconf 75' lang='lat' dir='ltr'><strong>Ex</strong></span> <span class='ocrx_word' id='word_1_3' title='bbox 343 2332 480 2399; x_wconf 85' lang='lat' dir='ltr'><strong>historie</strong></span> <span class='ocrx_word' id='word_1_4' title='bbox 491 2332 601 2398; x_wconf 83' lang='lat' dir='ltr'><strong>Lnoee</strong></span> <span class='ocrx_word' id='word_1_5' title='bbox 617 2333 672 2398; x_wconf 85' lang='lat' dir='ltr'><strong>vix</strong></span> <span class='ocrx_word' id='word_1_6' title='bbox 688 2338 776 2398; x_wconf 88' lang='lat' dir='ltr'><strong>oerto</strong></span> <span class='ocrx_word' id='word_1_7' title='bbox 791 2330 900 2414; x_wconf 81' lang='lat' dir='ltr'><strong>oolligi</strong></span> <span class='ocrx_word' id='word_1_8' title='bbox 916 2338 1022 2413; x_wconf 89' lang='lat' dir='ltr'><strong>potest</strong></span> <span class='ocrx_word' id='word_1_9' title='bbox 1036 2327 1167 2414; x_wconf 83' lang='lat' dir='ltr'><strong>quondo</strong></span> <span class='ocrx_word' id='word_1_10' title='bbox 1220 2332 1324 2414; x_wconf 89' lang='lat' dir='ltr'><strong>posite</strong></span> <span class='ocrx_word' id='word_1_11' title='bbox 1352 2331 1520 2416; x_wconf 80' lang='lat' dir='ltr'><strong>glorietur.</strong></span> <span class='ocrx_word' id='word_1_12' title='bbox 1565 2332 1697 2399; x_wconf 85' lang='lat' dir='ltr'><strong>Leudet</strong></span> <span class='ocrx_word' id='word_1_13' title='bbox 1717 2333 1816 2398; x_wconf 88' lang='lat' dir='ltr'><strong>etiem</strong></span> <span class='ocrx_word' id='word_1_14' title='bbox 1837 2332 2042 2413; x_wconf 76' lang='lat' dir='ltr'>Onesimum,</span> <span class='ocrx_word' id='word_1_15' title='bbox 2066 2345 2104 2401; x_wconf 87' lang='grc' dir='ltr'><strong>ιιι</strong></span> <span class='ocrx_word' id='word_1_16' title='bbox 2125 2337 2203 2402; x_wconf 91' lang='lat' dir='ltr'><strong>reli·</strong></span> 
     </span>
     <span class='ocr_line' id='line_1_3' title="bbox 184 2415 2203 2503; baseline 0.001 -17"><span class='ocrx_word' id='word_1_17' title='bbox 184 2419 311 2503; x_wconf 88' lang='lat' dir='ltr'><strong>soripte</strong></span> <span class='ocrx_word' id='word_1_18' title='bbox 347 2419 445 2484; x_wconf 85' lang='lat' dir='ltr'><strong>luerit</strong></span> <span class='ocrx_word' id='word_1_19' title='bbox 480 2418 570 2500; x_wconf 90' lang='lat' dir='ltr'><strong>prior</strong></span> <span class='ocrx_word' id='word_1_20' title='bbox 602 2417 750 2500; x_wconf 87' lang='lat' dir='ltr'><strong>epistole.</strong></span> <span class='ocrx_word' id='word_1_21' title='bbox 803 2415 879 2482; x_wconf 86' lang='lat' dir='ltr'><strong>Non</strong></span> <span class='ocrx_word' id='word_1_22' title='bbox 912 2428 1021 2481; x_wconf 88' lang='lat' dir='ltr'><strong>temen</strong></span> <span class='ocrx_word' id='word_1_23' title='bbox 1054 2415 1167 2481; x_wconf 88' lang='lat' dir='ltr'><strong>dubito</strong></span> <span class='ocrx_word' id='word_1_24' title='bbox 1220 2437 1299 2500; x_wconf 90' lang='lat' dir='ltr'><strong>quoe</strong></span> <span class='ocrx_word' id='word_1_25' title='bbox 1329 2418 1453 2483; x_wconf 91' lang='lat' dir='ltr'><strong>enimet</strong></span> <span class='ocrx_word' id='word_1_26' title='bbox 1480 2418 1552 2483; x_wconf 92' lang='lat' dir='ltr'><strong>eius</strong></span> <span class='ocrx_word' id='word_1_27' title='bbox 1581 2418 1744 2502; x_wconf 86' lang='lat' dir='ltr'><strong>exemplo.</strong></span> <span class='ocrx_word' id='word_1_28' title='bbox 1788 2419 1834 2484; x_wconf 82' lang='lat' dir='ltr'><strong>llt</strong></span> <span class='ocrx_word' id='word_1_29' title='bbox 1862 2421 2017 2503; x_wconf 91' lang='lat' dir='ltr'><strong>quoniem</strong></span> <span class='ocrx_word' id='word_1_30' title='bbox 2043 2419 2128 2488; x_wconf 86' lang='lat' dir='ltr'><strong>dure</strong></span> <span class='ocrx_word' id='word_1_31' title='bbox 2150 2430 2203 2489; x_wconf 89' lang='lat' dir='ltr'><strong>est</strong></span> 
     </span>
     <span class='ocr_line' id='line_1_4' title="bbox 187 2500 2201 2589; baseline 0.002 -19"><span class='ocrx_word' id='word_1_32' title='bbox 187 2506 266 2589; x_wconf 84' lang='lat' dir='ltr'><strong>quin</strong></span> <span class='ocrx_word' id='word_1_33' title='bbox 296 2505 337 2570; x_wconf 87' lang='lat' dir='ltr'><strong>eb</strong></span> <span class='ocrx_word' id='word_1_34' title='bbox 365 2525 403 2571; x_wconf 91' lang='lat' dir='ltr'><strong>eo</strong></span> <span class='ocrx_word' id='word_1_35' title='bbox 433 2514 579 2586; x_wconf 87' lang='lat' dir='ltr'><strong>tempore</strong></span> <span class='ocrx_word' id='word_1_36' title='bbox 601 2502 810 2570; x_wconf 70' lang='lat' dir='ltr'><strong>Timotheum</strong></span> <span class='ocrx_word' id='word_1_37' title='bbox 840 2521 949 2569; x_wconf 85' lang='lat' dir='ltr'><strong>eorem</strong></span> <span class='ocrx_word' id='word_1_38' title='bbox 979 2500 1167 2585; x_wconf 72' lang='lat' dir='ltr'><strong>alloquutus</strong></span> <span class='ocrx_word' id='word_1_39' title='bbox 1219 2523 1333 2569; x_wconf 90' lang='lat' dir='ltr'><strong>eorum</strong></span> <span class='ocrx_word' id='word_1_40' title='bbox 1361 2501 1507 2570; x_wconf 80' lang='lat' dir='ltr'><strong>conditio</strong></span> <span class='ocrx_word' id='word_1_41' title='bbox 1536 2503 1590 2588; x_wconf 89' lang='lat' dir='ltr'><strong>qni</strong></span> <span class='ocrx_word' id='word_1_42' title='bbox 1619 2505 1745 2570; x_wconf 86' lang='lat' dir='ltr'><strong>serviro</strong></span> <span class='ocrx_word' id='word_1_43' title='bbox 1766 2503 1901 2572; x_wconf 86' lang='lat' dir='ltr'><strong>Ohrieto</strong></span> <span class='ocrx_word' id='word_1_44' title='bbox 1929 2505 2055 2589; x_wconf 83' lang='lat' dir='ltr'><strong>volunt,</strong></span> <span class='ocrx_word' id='word_1_45' title='bbox 2084 2506 2201 2574; x_wconf 90' lang='lat' dir='ltr'><strong>simili·</strong></span> 
     </span>
     <span class='ocr_line' id='line_1_5' title="bbox 185 2586 2199 2675; baseline 0.002 -19"><span class='ocrx_word' id='word_1_46' title='bbox 185 2591 286 2657; x_wconf 79' lang='lat' dir='ltr'><strong>luerit</strong></span> <span class='ocrx_word' id='word_1_47' title='bbox 315 2590 448 2667; x_wconf 85' lang='lat' dir='ltr'><strong>Psulus,</strong></span> <span class='ocrx_word' id='word_1_48' title='bbox 481 2600 515 2654; x_wconf 91' lang='lat' dir='ltr'><strong>et</strong></span> <span class='ocrx_word' id='word_1_49' title='bbox 546 2591 617 2656; x_wconf 86' lang='lat' dir='ltr'><strong>fieri</strong></span> <span class='ocrx_word' id='word_1_50' title='bbox 651 2608 780 2673; x_wconf 89' lang='lat' dir='ltr'><strong>qnoque</strong></span> <span class='ocrx_word' id='word_1_51' title='bbox 813 2596 919 2670; x_wconf 85' lang='lat' dir='ltr'><strong>potest</strong></span> <span class='ocrx_word' id='word_1_52' title='bbox 946 2586 989 2671; x_wconf 88' lang='lat' dir='ltr'><strong>(ei</strong></span> <span class='ocrx_word' id='word_1_53' title='bbox 1018 2597 1167 2668; x_wconf 88' lang='lat' dir='ltr'><strong>reoeptee</strong></span> <span class='ocrx_word' id='word_1_54' title='bbox 1219 2587 1351 2655; x_wconf 88' lang='lat' dir='ltr'><strong>tudines</strong></span> <span class='ocrx_word' id='word_1_55' title='bbox 1379 2588 1482 2656; x_wconf 87' lang='lat' dir='ltr'><strong>sumit</strong></span> <span class='ocrx_word' id='word_1_56' title='bbox 1511 2597 1577 2655; x_wconf 88' lang='lat' dir='ltr'><strong>tem</strong></span> <span class='ocrx_word' id='word_1_57' title='bbox 1608 2591 1649 2656; x_wconf 91' lang='lat' dir='ltr'><strong>eb</strong></span> <span class='ocrx_word' id='word_1_58' title='bbox 1678 2610 1697 2655; x_wconf 95' lang='lat' dir='ltr'><strong>e</strong></span> <span class='ocrx_word' id='word_1_59' title='bbox 1738 2588 1831 2656; x_wconf 88' lang='lat' dir='ltr'><strong>ioolis</strong></span> <span class='ocrx_word' id='word_1_60' title='bbox 1860 2610 1959 2675; x_wconf 86' lang='lat' dir='ltr'><strong>qoem</strong></span> <span class='ocrx_word' id='word_1_61' title='bbox 1980 2610 2000 2656; x_wconf 86' lang='lat' dir='ltr'><strong>e</strong></span> <span class='ocrx_word' id='word_1_62' title='bbox 2021 2592 2199 2661; x_wconf 82' lang='lat' dir='ltr'><strong>militibus:</strong></span> 
     </span>
     <span class='ocr_line' id='line_1_6' title="bbox 189 2612 2201 2761; baseline 0.002 -20"><span class='ocrx_word' id='word_1_63' title='bbox 189 2678 296 2742; x_wconf 83' lang='lat' dir='ltr'><strong>lemee</strong></span> <span class='ocrx_word' id='word_1_64' title='bbox 323 2672 481 2761; x_wconf 87' lang='lat' dir='ltr'><strong>ereditur)</strong></span> <span class='ocrx_word' id='word_1_65' title='bbox 507 2686 544 2740; x_wconf 93' lang='lat' dir='ltr'><strong>ut</strong></span> <span class='ocrx_word' id='word_1_66' title='bbox 565 2696 604 2742; x_wconf 88' lang='lat' dir='ltr'><strong>eo</strong></span> <span class='ocrx_word' id='word_1_67' title='bbox 624 2676 744 2742; x_wconf 90' lang='lat' dir='ltr'><strong>oomite</strong></span> <span class='ocrx_word' id='word_1_68' title='bbox 764 2693 802 2739; x_wconf 88' lang='lat' dir='ltr'><strong>eo</strong></span> <span class='ocrx_word' id='word_1_69' title='bbox 824 2672 973 2738; x_wconf 86' lang='lat' dir='ltr'><strong>ediutore</strong></span> <span class='ocrx_word' id='word_1_70' title='bbox 994 2672 1108 2739; x_wconf 85' lang='lat' dir='ltr'><strong>multis</strong></span> <span class='ocrx_word' id='word_1_71' title='bbox 1130 2672 1166 2736; x_wconf 94' lang='lat' dir='ltr'><strong>in</strong></span> <span class='ocrx_word' id='word_1_72' title='bbox 1219 2694 1358 2758; x_wconf 90' lang='lat' dir='ltr'><strong>quornm</strong></span> <span class='ocrx_word' id='word_1_73' title='bbox 1386 2674 1510 2758; x_wconf 77' lang='lat' dir='ltr'>priores</span> <span class='ocrx_word' id='word_1_74' title='bbox 1537 2676 1678 2741; x_wconf 88' lang='lat' dir='ltr'><strong>multem</strong></span> <span class='ocrx_word' id='word_1_75' title='bbox 1699 2612 1830 2743; x_wconf 44' lang='lat' dir='ltr'><strong>{boris</strong></span> <span class='ocrx_word' id='word_1_76' title='bbox 1852 2678 1888 2742; x_wconf 90' lang='lat' dir='ltr'><strong>in</strong></span> <span class='ocrx_word' id='word_1_77' title='bbox 1908 2677 2070 2743; x_wconf 85' lang='lat' dir='ltr'><strong>onltnrem</strong></span> <span class='ocrx_word' id='word_1_78' title='bbox 2092 2683 2201 2746; x_wconf 85' lang='lat' dir='ltr'><strong>terres</strong></span> 
     </span>
     <span class='ocr_line' id='line_1_7' title="bbox 189 2757 2202 2846; baseline 0.003 -21"><span class='ocrx_word' id='word_1_79' title='bbox 189 2762 267 2828; x_wconf 91' lang='lat' dir='ltr'><strong>loois</strong></span> <span class='ocrx_word' id='word_1_80' title='bbox 289 2781 368 2827; x_wconf 85' lang='lat' dir='ltr'><strong>usne</strong></span> <span class='ocrx_word' id='word_1_81' title='bbox 391 2763 499 2826; x_wconf 85' lang='lat' dir='ltr'><strong>fuerit.</strong></span> <span class='ocrx_word' id='word_1_82' title='bbox 536 2760 655 2828; x_wconf 83' lang='lat' dir='ltr'><strong>Fuisse</strong></span> <span class='ocrx_word' id='word_1_83' title='bbox 676 2764 787 2826; x_wconf 84' lang='lat' dir='ltr'><strong>temen</strong></span> <span class='ocrx_word' id='word_1_84' title='bbox 803 2758 911 2824; x_wconf 85' lang='lat' dir='ltr'><strong>edhuo</strong></span> <span class='ocrx_word' id='word_1_85' title='bbox 926 2757 1052 2842; x_wconf 82' lang='lat' dir='ltr'><strong>Ephesi</strong></span> <span class='ocrx_word' id='word_1_86' title='bbox 1067 2778 1167 2840; x_wconf 86' lang='lat' dir='ltr'><strong>quum</strong></span> <span class='ocrx_word' id='word_1_87' title='bbox 1220 2759 1409 2843; x_wconf 90' lang='lat' dir='ltr'><strong>impendere</strong></span> <span class='ocrx_word' id='word_1_88' title='bbox 1440 2781 1509 2826; x_wconf 87' lang='lat' dir='ltr'><strong>non</strong></span> <span class='ocrx_word' id='word_1_89' title='bbox 1541 2759 1701 2844; x_wconf 84' lang='lat' dir='ltr'><strong>dubitent,</strong></span> <span class='ocrx_word' id='word_1_90' title='bbox 1735 2762 1926 2846; x_wconf 82' lang='lat' dir='ltr'><strong>prinsquem</strong></span> <span class='ocrx_word' id='word_1_91' title='bbox 1958 2762 2046 2830; x_wconf 84' lang='lat' dir='ltr'><strong>nllus</strong></span> <span class='ocrx_word' id='word_1_92' title='bbox 2073 2764 2202 2832; x_wconf 81' lang='lat' dir='ltr'><strong>fruetus</strong></span> 
     </span>
     <span class='ocr_line' id='line_1_8' title="bbox 187 2843 2201 2934; baseline 0.001 -21"><span class='ocrx_word' id='word_1_93' title='bbox 187 2848 230 2913; x_wconf 86' lang='lat' dir='ltr'><strong>ed</strong></span> <span class='ocrx_word' id='word_1_94' title='bbox 260 2867 334 2914; x_wconf 90' lang='lat' dir='ltr'><strong>eum</strong></span> <span class='ocrx_word' id='word_1_95' title='bbox 364 2847 561 2913; x_wconf 88' lang='lat' dir='ltr'><strong>seriberetnr</strong></span> <span class='ocrx_word' id='word_1_96' title='bbox 582 2846 663 2913; x_wconf 86' lang='lat' dir='ltr'><strong>hneo</strong></span> <span class='ocrx_word' id='word_1_97' title='bbox 684 2844 833 2929; x_wconf 86' lang='lat' dir='ltr'><strong>epistole,</strong></span> <span class='ocrx_word' id='word_1_98' title='bbox 862 2843 1016 2928; x_wconf 81' lang='lat' dir='ltr'><strong>oolligere</strong></span> <span class='ocrx_word' id='word_1_99' title='bbox 1038 2863 1167 2927; x_wconf 87' lang='lat' dir='ltr'><strong>promp·</strong></span> <span class='ocrx_word' id='word_1_100' title='bbox 1221 2851 1394 2930; x_wconf 85' lang='lat' dir='ltr'><strong>eppereet:</strong></span> <span class='ocrx_word' id='word_1_101' title='bbox 1416 2844 1451 2910; x_wconf 89' lang='lat' dir='ltr'><strong>hi</strong></span> <span class='ocrx_word' id='word_1_102' title='bbox 1474 2866 1553 2913; x_wconf 83' lang='lat' dir='ltr'><strong>vero</strong></span> <span class='ocrx_word' id='word_1_103' title='bbox 1575 2866 1612 2913; x_wconf 93' lang='lat' dir='ltr'><strong>se</strong></span> <span class='ocrx_word' id='word_1_104' title='bbox 1633 2846 1786 2914; x_wconf 88' lang='lat' dir='ltr'><strong>ebdioent</strong></span> <span class='ocrx_word' id='word_1_105' title='bbox 1807 2849 1896 2914; x_wconf 88' lang='lat' dir='ltr'><strong>onris</strong></span> <span class='ocrx_word' id='word_1_106' title='bbox 1916 2857 1950 2913; x_wconf 91' lang='lat' dir='ltr'><strong>ot</strong></span> <span class='ocrx_word' id='word_1_107' title='bbox 1971 2849 2111 2934; x_wconf 79' lang='lat' dir='ltr'><strong>negotiis</strong></span> <span class='ocrx_word' id='word_1_108' title='bbox 2132 2871 2201 2915; x_wconf 92' lang='lat' dir='ltr'><strong>om·</strong></span> 
     </span>
     <span class='ocr_line' id='line_1_9' title="bbox 189 2928 2199 3018; baseline 0.002 -20"><span class='ocrx_word' id='word_1_109' title='bbox 189 2945 260 2998; x_wconf 91' lang='lat' dir='ltr'><strong>tum</strong></span> <span class='ocrx_word' id='word_1_110' title='bbox 283 2945 346 2998; x_wconf 90' lang='lat' dir='ltr'><strong>ost:</strong></span> <span class='ocrx_word' id='word_1_111' title='bbox 369 2933 445 3016; x_wconf 87' lang='lat' dir='ltr'><strong>quie</strong></span> <span class='ocrx_word' id='word_1_112' title='bbox 462 2932 587 2999; x_wconf 88' lang='lat' dir='ltr'><strong>Penlne</strong></span> <span class='ocrx_word' id='word_1_113' title='bbox 608 2931 669 2998; x_wconf 88' lang='lat' dir='ltr'><strong>sub</strong></span> <span class='ocrx_word' id='word_1_114' title='bbox 690 2930 789 2997; x_wconf 90' lang='lat' dir='ltr'><strong>finem</strong></span> <span class='ocrx_word' id='word_1_115' title='bbox 808 2928 994 2996; x_wconf 87' lang='lat' dir='ltr'><strong>Prisoillem</strong></span> <span class='ocrx_word' id='word_1_116' title='bbox 1016 2938 1050 2995; x_wconf 92' lang='lat' dir='ltr'><strong>et</strong></span> <span class='ocrx_word' id='word_1_117' title='bbox 1067 2929 1168 3012; x_wconf 81' lang='lat' dir='ltr'><strong>Aqui·</strong></span> <span class='ocrx_word' id='word_1_118' title='bbox 1221 2933 1328 3015; x_wconf 87' lang='lat' dir='ltr'><strong>nibus,</strong></span> <span class='ocrx_word' id='word_1_119' title='bbox 1349 2940 1387 2996; x_wconf 88' lang='grc' dir='ltr'><strong>ιιι</strong></span> <span class='ocrx_word' id='word_1_120' title='bbox 1408 2951 1444 2997; x_wconf 87' lang='lat' dir='ltr'><strong>ee</strong></span> <span class='ocrx_word' id='word_1_121' title='bbox 1465 2939 1550 2999; x_wconf 87' lang='lat' dir='ltr'><strong>totos</strong></span> <span class='ocrx_word' id='word_1_122' title='bbox 1571 2933 1673 2998; x_wconf 87' lang='lat' dir='ltr'><strong>ermis</strong></span> <span class='ocrx_word' id='word_1_123' title='bbox 1695 2941 1729 3000; x_wconf 90' lang='lat' dir='ltr'><strong>et</strong></span> <span class='ocrx_word' id='word_1_124' title='bbox 1749 2934 1940 3018; x_wconf 73' lang='lat' dir='ltr'><strong>imperatori</strong></span> <span class='ocrx_word' id='word_1_125' title='bbox 1958 2954 2018 3001; x_wconf 92' lang='lat' dir='ltr'><strong>suo</strong></span> <span class='ocrx_word' id='word_1_126' title='bbox 2036 2933 2199 3002; x_wconf 86' lang='lat' dir='ltr'><strong>eddioent.</strong></span> 
     </span>
     <span class='ocr_line' id='line_1_10' title="bbox 189 3013 2200 3103; baseline 0.001 -17"><span class='ocrx_word' id='word_1_127' title='bbox 189 3021 256 3086; x_wconf 90' lang='lat' dir='ltr'><strong>lem</strong></span> <span class='ocrx_word' id='word_1_128' title='bbox 279 3030 312 3084; x_wconf 88' lang='grc' dir='ltr'><strong>ιι</strong></span> <span class='ocrx_word' id='word_1_129' title='bbox 333 3018 575 3101; x_wconf 84' lang='lat' dir='ltr'><strong>Onesiphorum</strong></span> <span class='ocrx_word' id='word_1_130' title='bbox 597 3016 729 3083; x_wconf 87' lang='lat' dir='ltr'><strong>selutet.</strong></span> <span class='ocrx_word' id='word_1_131' title='bbox 774 3015 924 3097; x_wconf 78' lang='lat' dir='ltr'><strong>Quorum</strong></span> <span class='ocrx_word' id='word_1_132' title='bbox 947 3014 1083 3080; x_wconf 87' lang='lat' dir='ltr'><strong>ultimus</strong></span> <span class='ocrx_word' id='word_1_133' title='bbox 1104 3013 1168 3079; x_wconf 82' lang='lat' dir='ltr'><strong>fuit</strong></span> <span class='ocrx_word' id='word_1_134' title='bbox 1220 3018 1341 3083; x_wconf 84' lang='lat' dir='ltr'><strong>Poetee</strong></span> <span class='ocrx_word' id='word_1_135' title='bbox 1369 3018 1502 3083; x_wconf 84' lang='lat' dir='ltr'><strong>brevem</strong></span> <span class='ocrx_word' id='word_1_136' title='bbox 1533 3019 1695 3102; x_wconf 72' lang='lat' dir='ltr'><strong>evangelii</strong></span> <span class='ocrx_word' id='word_1_137' title='bbox 1729 3018 1781 3085; x_wconf 91' lang='lat' dir='ltr'><strong>sui</strong></span> <span class='ocrx_word' id='word_1_138' title='bbox 1810 3039 1971 3085; x_wconf 83' lang='lat' dir='ltr'><strong>summum</strong></span> <span class='ocrx_word' id='word_1_139' title='bbox 1998 3019 2200 3103; x_wconf 87' lang='lat' dir='ltr'><strong>eomplexue,</strong></span> 
     </span>
     <span class='ocr_line' id='line_1_11' title="bbox 189 3100 2201 3190; baseline 0 -18"><span class='ocrx_word' id='word_1_140' title='bbox 189 3106 369 3190; x_wconf 78' lang='lat' dir='ltr'><strong>Ephesius,</strong></span> <span class='ocrx_word' id='word_1_141' title='bbox 406 3103 487 3169; x_wconf 89' lang='lat' dir='ltr'><strong>ulios</strong></span> <span class='ocrx_word' id='word_1_142' title='bbox 523 3115 633 3170; x_wconf 86' lang='lat' dir='ltr'><strong>entem</strong></span> <span class='ocrx_word' id='word_1_143' title='bbox 670 3102 738 3169; x_wconf 90' lang='lat' dir='ltr'><strong>illio</strong></span> <span class='ocrx_word' id='word_1_144' title='bbox 774 3100 956 3168; x_wconf 74' lang='lat' dir='ltr'><strong>substitisse</strong></span> <span class='ocrx_word' id='word_1_145' title='bbox 992 3121 1095 3184; x_wconf 92' lang='lat' dir='ltr'><strong>quum</strong></span> <span class='ocrx_word' id='word_1_146' title='bbox 1131 3100 1168 3164; x_wconf 90' lang='lat' dir='ltr'><strong>in</strong></span> <span class='ocrx_word' id='word_1_147' title='bbox 1220 3102 1395 3168; x_wconf 80' lang='lat' dir='ltr'><strong>&#39;limotheo</strong></span> <span class='ocrx_word' id='word_1_148' title='bbox 1424 3103 1582 3187; x_wconf 85' lang='lat' dir='ltr'><strong>preeoipit</strong></span> <span class='ocrx_word' id='word_1_149' title='bbox 1610 3113 1648 3168; x_wconf 91' lang='lat' dir='ltr'><strong>nt</strong></span> <span class='ocrx_word' id='word_1_150' title='bbox 1678 3125 1750 3170; x_wconf 86' lang='lat' dir='ltr'><strong>eum</strong></span> <span class='ocrx_word' id='word_1_151' title='bbox 1773 3104 1845 3171; x_wconf 89' lang='lat' dir='ltr'><strong>eliis</strong></span> <span class='ocrx_word' id='word_1_152' title='bbox 1867 3125 1994 3189; x_wconf 86' lang='lat' dir='ltr'><strong>quoqne</strong></span> <span class='ocrx_word' id='word_1_153' title='bbox 2016 3104 2136 3183; x_wconf 82' lang='lat' dir='ltr'><strong>trudet,</strong></span> <span class='ocrx_word' id='word_1_154' title='bbox 2165 3117 2201 3172; x_wconf 91' lang='lat' dir='ltr'><strong>et</strong></span> 
     </span>
     <span class='ocr_line' id='line_1_12' title="bbox 189 3184 2201 3274; baseline 0.001 -18"><span class='ocrx_word' id='word_1_155' title='bbox 189 3192 346 3258; x_wconf 84' lang='lat' dir='ltr'><strong>Iudeeem</strong></span> <span class='ocrx_word' id='word_1_156' title='bbox 375 3190 549 3274; x_wconf 78' lang='lat' dir='ltr'><strong>nsviguret</strong></span> <span class='ocrx_word' id='word_1_157' title='bbox 576 3188 711 3266; x_wconf 86' lang='lat' dir='ltr'><strong>Penlne,</strong></span> <span class='ocrx_word' id='word_1_158' title='bbox 741 3188 833 3254; x_wconf 87' lang='lat' dir='ltr'><strong>testis</strong></span> <span class='ocrx_word' id='word_1_159' title='bbox 861 3196 911 3252; x_wconf 89' lang='lat' dir='ltr'><strong>eet</strong></span> <span class='ocrx_word' id='word_1_160' title='bbox 940 3186 1059 3253; x_wconf 82' lang='lat' dir='ltr'><strong>Luoee.</strong></span> <span class='ocrx_word' id='word_1_161' title='bbox 1102 3184 1168 3251; x_wconf 86' lang='lat' dir='ltr'><strong>Hie</strong></span> <span class='ocrx_word' id='word_1_162' title='bbox 1220 3200 1314 3255; x_wconf 89' lang='lat' dir='ltr'><strong>onret</strong></span> <span class='ocrx_word' id='word_1_163' title='bbox 1335 3189 1375 3253; x_wconf 87' lang='lat' dir='ltr'><strong>sd</strong></span> <span class='ocrx_word' id='word_1_164' title='bbox 1399 3199 1547 3271; x_wconf 90' lang='lat' dir='ltr'><strong>posteros</strong></span> <span class='ocrx_word' id='word_1_165' title='bbox 1564 3192 1746 3274; x_wconf 78' lang='lat' dir='ltr'><strong>propegeri.</strong></span> <span class='ocrx_word' id='word_1_166' title='bbox 1784 3190 1875 3257; x_wconf 86' lang='lat' dir='ltr'><strong>Hine</strong></span> <span class='ocrx_word' id='word_1_167' title='bbox 1892 3192 2012 3256; x_wconf 87' lang='lat' dir='ltr'><strong>iterum</strong></span> <span class='ocrx_word' id='word_1_168' title='bbox 2031 3191 2201 3258; x_wconf 90' lang='lat' dir='ltr'><strong>mentione</strong></span> 
     </span>
     <span class='ocr_line' id='line_1_13' title="bbox 188 3273 2200 3362; baseline -0 -19"><span class='ocrx_word' id='word_1_169' title='bbox 188 3289 300 3344; x_wconf 85' lang='lat' dir='ltr'><strong>eutem</strong></span> <span class='ocrx_word' id='word_1_170' title='bbox 334 3276 529 3362; x_wconf 88' lang='lat' dir='ltr'><strong>preeoipuns</strong></span> <span class='ocrx_word' id='word_1_171' title='bbox 562 3285 612 3343; x_wconf 89' lang='lat' dir='ltr'><strong>ost</strong></span> <span class='ocrx_word' id='word_1_172' title='bbox 642 3275 741 3342; x_wconf 86' lang='lat' dir='ltr'><strong>ourdo</strong></span> <span class='ocrx_word' id='word_1_173' title='bbox 770 3275 803 3338; x_wconf 91' lang='lat' dir='ltr'><strong>in</strong></span> <span class='ocrx_word' id='word_1_174' title='bbox 837 3294 900 3356; x_wconf 89' lang='lat' dir='ltr'><strong>quo</strong></span> <span class='ocrx_word' id='word_1_175' title='bbox 929 3281 1099 3349; x_wconf 78' lang='lat' dir='ltr'><strong>versetur,</strong></span> <span class='ocrx_word' id='word_1_176' title='bbox 1131 3281 1169 3335; x_wconf 90' lang='lat' dir='ltr'><strong>ut</strong></span> <span class='ocrx_word' id='word_1_177' title='bbox 1221 3273 1427 3340; x_wconf 75' lang='lat' dir='ltr'><strong>vinnulorum</strong></span> <span class='ocrx_word' id='word_1_178' title='bbox 1460 3294 1594 3341; x_wconf 91' lang='lat' dir='ltr'><strong>snorum</strong></span> <span class='ocrx_word' id='word_1_179' title='bbox 1627 3276 1727 3354; x_wconf 75' lang='lat' dir='ltr'><strong>seete,</strong></span> <span class='ocrx_word' id='word_1_180' title='bbox 1760 3275 1795 3342; x_wconf 91' lang='lat' dir='ltr'><strong>in</strong></span> <span class='ocrx_word' id='word_1_181' title='bbox 1827 3286 1975 3342; x_wconf 87' lang='lat' dir='ltr'><strong>eenotem</strong></span> <span class='ocrx_word' id='word_1_182' title='bbox 2009 3277 2200 3343; x_wconf 85' lang='lat' dir='ltr'><strong>isotentiem</strong></span> 
     </span>
     <span class='ocr_line' id='line_1_14' title="bbox 188 3359 2201 3448; baseline 0 -19"><span class='ocrx_word' id='word_1_183' title='bbox 188 3363 402 3431; x_wconf 68' lang='lat' dir='ltr'><strong>Timotheum</strong></span> <span class='ocrx_word' id='word_1_184' title='bbox 432 3374 500 3426; x_wconf 87' lang='lat' dir='ltr'><strong>tem</strong></span> <span class='ocrx_word' id='word_1_185' title='bbox 529 3362 564 3427; x_wconf 92' lang='lat' dir='ltr'><strong>in</strong></span> <span class='ocrx_word' id='word_1_186' title='bbox 594 3362 659 3427; x_wconf 87' lang='lat' dir='ltr'><strong>lide</strong></span> <span class='ocrx_word' id='word_1_187' title='bbox 687 3359 871 3444; x_wconf 68' lang='lat' dir='ltr'><strong>Evangelii,</strong></span> <span class='ocrx_word' id='word_1_188' title='bbox 899 3377 998 3442; x_wconf 85' lang='lat' dir='ltr'><strong>quem</strong></span> <span class='ocrx_word' id='word_1_189' title='bbox 1027 3359 1061 3423; x_wconf 91' lang='lat' dir='ltr'><strong>in</strong></span> <span class='ocrx_word' id='word_1_190' title='bbox 1091 3376 1168 3423; x_wconf 89' lang='lat' dir='ltr'><strong>oon·</strong></span> <span class='ocrx_word' id='word_1_191' title='bbox 1222 3360 1385 3443; x_wconf 79' lang='lat' dir='ltr'><strong>exsurgit,</strong></span> <span class='ocrx_word' id='word_1_192' title='bbox 1422 3368 1459 3425; x_wconf 90' lang='lat' dir='ltr'><strong>nt</strong></span> <span class='ocrx_word' id='word_1_193' title='bbox 1496 3361 1597 3427; x_wconf 87' lang='lat' dir='ltr'><strong>enimi</strong></span> <span class='ocrx_word' id='word_1_194' title='bbox 1634 3363 1686 3428; x_wconf 90' lang='lat' dir='ltr'><strong>sni</strong></span> <span class='ocrx_word' id='word_1_195' title='bbox 1722 3362 1950 3446; x_wconf 73' lang='lat' dir='ltr'><strong>magnitudine</strong></span> <span class='ocrx_word' id='word_1_196' title='bbox 1983 3363 2052 3446; x_wconf 92' lang='lat' dir='ltr'><strong>pios</strong></span> <span class='ocrx_word' id='word_1_197' title='bbox 2084 3362 2201 3448; x_wconf 74' lang='lat' dir='ltr'><strong>eriget.</strong></span> 
     </span>
     <span class='ocr_line' id='line_1_15' title="bbox 187 3440 2200 3532; baseline 0 -17"><span class='ocrx_word' id='word_1_198' title='bbox 187 3451 291 3515; x_wconf 85' lang='lat' dir='ltr'><strong>etenti</strong></span> <span class='ocrx_word' id='word_1_199' title='bbox 313 3450 505 3531; x_wconf 69' lang='lat' dir='ltr'><strong>mneersque</strong></span> <span class='ocrx_word' id='word_1_200' title='bbox 525 3448 596 3513; x_wconf 92' lang='lat' dir='ltr'><strong>eins</strong></span> <span class='ocrx_word' id='word_1_201' title='bbox 617 3446 856 3530; x_wconf 76' lang='lat' dir='ltr'><strong>praedieatione</strong></span> <span class='ocrx_word' id='word_1_202' title='bbox 877 3445 1058 3511; x_wconf 87' lang='lat' dir='ltr'><strong>oonlirmet.</strong></span> <span class='ocrx_word' id='word_1_203' title='bbox 1101 3440 1169 3509; x_wconf 83' lang='lat' dir='ltr'><strong>Sed</strong></span> <span class='ocrx_word' id='word_1_204' title='bbox 1223 3446 1308 3510; x_wconf 85' lang='lat' dir='ltr'><strong>Num</strong></span> <span class='ocrx_word' id='word_1_205' title='bbox 1331 3466 1415 3528; x_wconf 82' lang='lat' dir='ltr'><strong>quse</strong></span> <span class='ocrx_word' id='word_1_206' title='bbox 1431 3467 1491 3512; x_wconf 90' lang='lat' dir='ltr'><strong>nos</strong></span> <span class='ocrx_word' id='word_1_207' title='bbox 1505 3447 1542 3511; x_wconf 91' lang='lat' dir='ltr'><strong>in</strong></span> <span class='ocrx_word' id='word_1_208' title='bbox 1556 3447 1647 3514; x_wconf 91' lang='lat' dir='ltr'><strong>ooelo</strong></span> <span class='ocrx_word' id='word_1_209' title='bbox 1661 3466 1781 3514; x_wconf 90' lang='lat' dir='ltr'><strong>eorone</strong></span> <span class='ocrx_word' id='word_1_210' title='bbox 1795 3457 1936 3532; x_wconf 76' lang='lat' dir='ltr'><strong>menese,</strong></span> <span class='ocrx_word' id='word_1_211' title='bbox 1959 3467 2073 3514; x_wconf 89' lang='lat' dir='ltr'><strong>omnes</strong></span> <span class='ocrx_word' id='word_1_212' title='bbox 2087 3469 2200 3517; x_wconf 86' lang='lat' dir='ltr'><strong>seeum</strong></span> 
     </span>
     <span class='ocr_line' id='line_1_16' title="bbox 190 3529 2202 3618; baseline 0 -18"><span class='ocrx_word' id='word_1_213' title='bbox 190 3555 258 3600; x_wconf 89' lang='lat' dir='ltr'><strong>non</strong></span> <span class='ocrx_word' id='word_1_214' title='bbox 280 3551 398 3617; x_wconf 87' lang='lat' dir='ltr'><strong>perum</strong></span> <span class='ocrx_word' id='word_1_215' title='bbox 421 3532 474 3598; x_wconf 89' lang='lat' dir='ltr'><strong>his</strong></span> <span class='ocrx_word' id='word_1_216' title='bbox 495 3532 779 3599; x_wconf 85' lang='lat' dir='ltr'><strong>exhortetionibue</strong></span> <span class='ocrx_word' id='word_1_217' title='bbox 800 3531 957 3596; x_wconf 83' lang='lat' dir='ltr'><strong>momenti</strong></span> <span class='ocrx_word' id='word_1_218' title='bbox 979 3529 1071 3596; x_wconf 90' lang='lat' dir='ltr'><strong>eddit</strong></span> <span class='ocrx_word' id='word_1_219' title='bbox 1087 3533 1169 3595; x_wconf 92' lang='lat' dir='ltr'><strong>tem·</strong></span> <span class='ocrx_word' id='word_1_220' title='bbox 1222 3533 1343 3596; x_wconf 91' lang='lat' dir='ltr'><strong>intueri</strong></span> <span class='ocrx_word' id='word_1_221' title='bbox 1361 3531 1459 3597; x_wconf 86' lang='lat' dir='ltr'><strong>iubet.</strong></span> <span class='ocrx_word' id='word_1_222' title='bbox 1496 3531 1550 3597; x_wconf 83' lang='lat' dir='ltr'><strong>Ad</strong></span> <span class='ocrx_word' id='word_1_223' title='bbox 1571 3532 1652 3600; x_wconf 83' lang='lat' dir='ltr'><strong>hese</strong></span> <span class='ocrx_word' id='word_1_224' title='bbox 1667 3534 1758 3599; x_wconf 88' lang='lat' dir='ltr'><strong>inhot</strong></span> <span class='ocrx_word' id='word_1_225' title='bbox 1771 3554 1792 3599; x_wconf 88' lang='lat' dir='ltr'><strong>e</strong></span> <span class='ocrx_word' id='word_1_226' title='bbox 1806 3532 2064 3615; x_wconf 76' lang='lat' dir='ltr'><strong>disputationum</strong></span> <span class='ocrx_word' id='word_1_227' title='bbox 2080 3537 2202 3618; x_wconf 78' lang='lat' dir='ltr'><strong>pugnis</strong></span> 
     </span>
     <span class='ocr_line' id='line_1_17' title="bbox 187 3616 2201 3772; baseline -0 -1"><span class='ocrx_word' id='word_1_228' title='bbox 187 3620 280 3772; x_wconf 63' lang='lat' dir='ltr'><strong>{tl</strong></span> <span class='ocrx_word' id='word_1_229' title='bbox 309 3620 564 3770; x_wconf 58' lang='lat' dir='ltr'><strong>letttttt</strong></span> <span class='ocrx_word' id='word_1_230' title='bbox 600 3616 1065 3770; x_wconf 60' lang='lat' dir='ltr'><strong>„lthhlll‘thllt</strong></span> <span class='ocrx_word' id='word_1_231' title='bbox 1076 3625 1168 3766; x_wconf 63' lang='lat' dir='ltr'><strong>tt</strong></span> <span class='ocrx_word' id='word_1_232' title='bbox 1221 3618 1823 3771; x_wconf 46' lang='lat' dir='ltr'><strong>ttVtttttttlttlhtllttl</strong></span> <span class='ocrx_word' id='word_1_233' title='bbox 1842 3617 2037 3770; x_wconf 55' lang='lat' dir='ltr'><strong>diffllhll}</strong></span> <span class='ocrx_word' id='word_1_234' title='bbox 2054 3618 2201 3771; x_wconf 54' lang='lat' dir='ltr'><strong>‘lilioli</strong></span> 
     </span>
     <span class='ocr_line' id='line_1_18' title="bbox 190 3723 2201 3874; baseline 0 -18"><span class='ocrx_word' id='word_1_235' title='bbox 190 3725 312 3856; x_wconf 48' lang='lat' dir='ltr'><strong>monffg’.</strong></span> <span class='ocrx_word' id='word_1_236' title='bbox 331 3723 710 3872; x_wconf 64' lang='lat' dir='ltr'><strong>aneeounqnepigitnr</strong></span> <span class='ocrx_word' id='word_1_237' title='bbox 740 3789 793 3853; x_wconf 92' lang='lat' dir='ltr'><strong>hio</strong></span> <span class='ocrx_word' id='word_1_238' title='bbox 818 3723 958 3870; x_wconf 46' lang='lat' dir='ltr'><strong>{tegimus</strong></span> <span class='ocrx_word' id='word_1_239' title='bbox 980 3723 1021 3853; x_wconf 60' lang='grc' dir='ltr'><strong>ἕο</strong></span> <span class='ocrx_word' id='word_1_240' title='bbox 1043 3785 1168 3853; x_wconf 81' lang='lat' dir='ltr'><strong>Christi</strong></span> <span class='ocrx_word' id='word_1_241' title='bbox 1221 3807 1318 3873; x_wconf 87' lang='lat' dir='ltr'><strong>quem</strong></span> <span class='ocrx_word' id='word_1_242' title='bbox 1347 3789 1486 3872; x_wconf 84' lang='lat' dir='ltr'><strong>oepitele</strong></span> <span class='ocrx_word' id='word_1_243' title='bbox 1511 3792 1556 3855; x_wconf 91' lang='lat' dir='ltr'><strong>sit</strong></span> <span class='ocrx_word' id='word_1_244' title='bbox 1577 3750 1711 3874; x_wconf 79' lang='lat' dir='ltr'><strong>melum,</strong></span> <span class='ocrx_word' id='word_1_245' title='bbox 1738 3725 1896 3873; x_wconf 58' lang='lat' dir='ltr'><strong>quondum</strong></span> <span class='ocrx_word' id='word_1_246' title='bbox 1920 3792 2019 3856; x_wconf 83' lang='lat' dir='ltr'><strong>refert</strong></span> <span class='ocrx_word' id='word_1_247' title='bbox 2040 3790 2140 3856; x_wconf 85' lang='lat' dir='ltr'><strong>fnisse</strong></span> <span class='ocrx_word' id='word_1_248' title='bbox 2161 3812 2201 3856; x_wconf 91' lang='lat' dir='ltr'><strong>eo</strong></span> 
     </span>
     <span class='ocr_line' id='line_1_19' title="bbox 191 3871 2199 3962; baseline -0 -19"><span class='ocrx_word' id='word_1_249' title='bbox 191 3896 305 3962; x_wconf 77' lang='lat' dir='ltr'><strong>regno,</strong></span> <span class='ocrx_word' id='word_1_250' title='bbox 334 3875 375 3941; x_wconf 93' lang='lat' dir='ltr'><strong>de</strong></span> <span class='ocrx_word' id='word_1_251' title='bbox 395 3894 453 3958; x_wconf 90' lang='lat' dir='ltr'><strong>spe</strong></span> <span class='ocrx_word' id='word_1_252' title='bbox 475 3875 562 3939; x_wconf 83' lang='lat' dir='ltr'><strong>vites</strong></span> <span class='ocrx_word' id='word_1_253' title='bbox 584 3882 746 3951; x_wconf 74' lang='lat' dir='ltr'><strong>aeternae,</strong></span> <span class='ocrx_word' id='word_1_254' title='bbox 776 3873 816 3937; x_wconf 91' lang='lat' dir='ltr'><strong>de</strong></span> <span class='ocrx_word' id='word_1_255' title='bbox 839 3871 1018 3938; x_wconf 84' lang='lat' dir='ltr'><strong>ohrietiune</strong></span> <span class='ocrx_word' id='word_1_256' title='bbox 1041 3872 1166 3947; x_wconf 82' lang='lat' dir='ltr'><strong>militie,</strong></span> <span class='ocrx_word' id='word_1_257' title='bbox 1221 3875 1374 3956; x_wconf 77' lang='lat' dir='ltr'><strong>perditos,</strong></span> <span class='ocrx_word' id='word_1_258' title='bbox 1408 3882 1443 3940; x_wconf 91' lang='lat' dir='ltr'><strong>et</strong></span> <span class='ocrx_word' id='word_1_259' title='bbox 1473 3875 1666 3941; x_wconf 89' lang='lat' dir='ltr'><strong>nominetim</strong></span> <span class='ocrx_word' id='word_1_260' title='bbox 1696 3877 1777 3943; x_wconf 87' lang='lat' dir='ltr'><strong>duos</strong></span> <span class='ocrx_word' id='word_1_261' title='bbox 1806 3885 2046 3957; x_wconf 87' lang='lat' dir='ltr'><strong>oommemoret,</strong></span> <span class='ocrx_word' id='word_1_262' title='bbox 2074 3876 2199 3960; x_wconf 82' lang='lat' dir='ltr'><strong>Hyme-</strong></span> 
     </span>
     <span class='ocr_line' id='line_1_20' title="bbox 190 3958 2199 4047; baseline -0 -20"><span class='ocrx_word' id='word_1_263' title='bbox 190 3963 233 4028; x_wconf 90' lang='lat' dir='ltr'><strong>de</strong></span> <span class='ocrx_word' id='word_1_264' title='bbox 250 3963 370 4030; x_wconf 89' lang='lat' dir='ltr'><strong>fiduoie</strong></span> <span class='ocrx_word' id='word_1_265' title='bbox 384 3959 606 4037; x_wconf 82' lang='lat' dir='ltr'><strong>oonlessionie‚</strong></span> <span class='ocrx_word' id='word_1_266' title='bbox 625 3958 665 4024; x_wconf 90' lang='lat' dir='ltr'><strong>de</strong></span> <span class='ocrx_word' id='word_1_267' title='bbox 684 3958 878 4026; x_wconf 83' lang='lat' dir='ltr'><strong>tortitudine</strong></span> <span class='ocrx_word' id='word_1_268' title='bbox 895 3958 1078 4023; x_wconf 78' lang='lat' dir='ltr'><strong>doetrinae:</strong></span> <span class='ocrx_word' id='word_1_269' title='bbox 1102 3977 1166 4021; x_wconf 89' lang='lat' dir='ltr'><strong>non</strong></span> <span class='ocrx_word' id='word_1_270' title='bbox 1221 3981 1341 4026; x_wconf 88' lang='lat' dir='ltr'><strong>neeum</strong></span> <span class='ocrx_word' id='word_1_271' title='bbox 1371 3965 1405 4025; x_wconf 86' lang='grc' dir='ltr'><strong>ιι</strong></span> <span class='ocrx_word' id='word_1_272' title='bbox 1430 3959 1617 4026; x_wconf 85' lang='lat' dir='ltr'><strong>Philetum:</strong></span> <span class='ocrx_word' id='word_1_273' title='bbox 1646 3962 1702 4046; x_wconf 86' lang='lat' dir='ltr'><strong>qui</strong></span> <span class='ocrx_word' id='word_1_274' title='bbox 1731 3963 1766 4026; x_wconf 91' lang='lat' dir='ltr'><strong>in</strong></span> <span class='ocrx_word' id='word_1_275' title='bbox 1795 3961 2017 4047; x_wconf 77' lang='lat' dir='ltr'><strong>prodigiosum</strong></span> <span class='ocrx_word' id='word_1_276' title='bbox 2048 3960 2199 4027; x_wconf 90' lang='lat' dir='ltr'><strong>delirium</strong></span> 
     </span>
     <span class='ocr_line' id='line_1_21' title="bbox 191 4042 2201 4131; baseline -0.001 -18"><span class='ocrx_word' id='word_1_277' title='bbox 191 4060 348 4131; x_wconf 90' lang='lat' dir='ltr'><strong>tenqnem</strong></span> <span class='ocrx_word' id='word_1_278' title='bbox 379 4058 564 4112; x_wconf 81' lang='lat' dir='ltr'><strong>stramento</strong></span> <span class='ocrx_word' id='word_1_279' title='bbox 593 4045 724 4129; x_wconf 87' lang='lat' dir='ltr'><strong>soripte,</strong></span> <span class='ocrx_word' id='word_1_280' title='bbox 752 4042 810 4110; x_wconf 91' lang='lat' dir='ltr'><strong>sed</strong></span> <span class='ocrx_word' id='word_1_281' title='bbox 841 4043 945 4124; x_wconf 88' lang='lat' dir='ltr'><strong>ipsius</strong></span> <span class='ocrx_word' id='word_1_282' title='bbox 967 4043 1062 4108; x_wconf 90' lang='lat' dir='ltr'><strong>Peuli</strong></span> <span class='ocrx_word' id='word_1_283' title='bbox 1092 4061 1167 4108; x_wconf 85' lang='lat' dir='ltr'><strong>sun·</strong></span> <span class='ocrx_word' id='word_1_284' title='bbox 1220 4045 1375 4128; x_wconf 72' lang='lat' dir='ltr'><strong>prolapsi,</strong></span> <span class='ocrx_word' id='word_1_285' title='bbox 1408 4046 1455 4111; x_wconf 89' lang='lat' dir='ltr'><strong>ite</strong></span> <span class='ocrx_word' id='word_1_286' title='bbox 1486 4055 1524 4112; x_wconf 88' lang='lat' dir='ltr'><strong>ut</strong></span> <span class='ocrx_word' id='word_1_287' title='bbox 1552 4045 1781 4114; x_wconf 85' lang='lat' dir='ltr'><strong>subverterent</strong></span> <span class='ocrx_word' id='word_1_288' title='bbox 1810 4048 1908 4113; x_wconf 87' lang='lat' dir='ltr'><strong>fidem</strong></span> <span class='ocrx_word' id='word_1_289' title='bbox 1939 4047 2201 4130; x_wconf 83' lang='lat' dir='ltr'><strong>resurreetionis,</strong></span> 
     </span>
     <span class='ocr_line' id='line_1_22' title="bbox 188 4128 2200 4218; baseline -0.001 -18"><span class='ocrx_word' id='word_1_290' title='bbox 188 4136 290 4218; x_wconf 77' lang='lat' dir='ltr'><strong>guine</strong></span> <span class='ocrx_word' id='word_1_291' title='bbox 322 4133 468 4216; x_wconf 83' lang='lat' dir='ltr'><strong>eooipere</strong></span> <span class='ocrx_word' id='word_1_292' title='bbox 499 4131 661 4197; x_wconf 83' lang='lat' dir='ltr'><strong>eonvenit</strong></span> <span class='ocrx_word' id='word_1_293' title='bbox 723 4128 816 4195; x_wconf 90' lang='lat' dir='ltr'><strong>Nihil</strong></span> <span class='ocrx_word' id='word_1_294' title='bbox 846 4129 932 4195; x_wconf 92' lang='lat' dir='ltr'><strong>enim</strong></span> <span class='ocrx_word' id='word_1_295' title='bbox 963 4129 1079 4194; x_wconf 83' lang='lat' dir='ltr'><strong>eeserit</strong></span> <span class='ocrx_word' id='word_1_296' title='bbox 1108 4144 1168 4209; x_wconf 87' lang='lat' dir='ltr'><strong>pro</strong></span> <span class='ocrx_word' id='word_1_297' title='bbox 1222 4129 1420 4196; x_wconf 84' lang='lat' dir='ltr'><strong>horrendem</strong></span> <span class='ocrx_word' id='word_1_298' title='bbox 1449 4152 1527 4199; x_wconf 84' lang='lat' dir='ltr'><strong>enee</strong></span> <span class='ocrx_word' id='word_1_299' title='bbox 1557 4134 1713 4199; x_wconf 83' lang='lat' dir='ltr'><strong>venitetis</strong></span> <span class='ocrx_word' id='word_1_300' title='bbox 1742 4153 1880 4216; x_wconf 84' lang='lat' dir='ltr'><strong>poenum</strong></span> <span class='ocrx_word' id='word_1_301' title='bbox 1910 4132 2079 4199; x_wconf 83' lang='lat' dir='ltr'><strong>dederunt.</strong></span> <span class='ocrx_word' id='word_1_302' title='bbox 2130 4131 2200 4199; x_wconf 82' lang='lat' dir='ltr'><strong>Sed</strong></span> 
     </span>
     <span class='ocr_line' id='line_1_23' title="bbox 188 4212 2201 4302; baseline -0 -18"><span class='ocrx_word' id='word_1_303' title='bbox 188 4239 258 4302; x_wconf 88' lang='lat' dir='ltr'><strong>qno</strong></span> <span class='ocrx_word' id='word_1_304' title='bbox 280 4220 394 4284; x_wconf 87' lang='lat' dir='ltr'><strong>mortis</strong></span> <span class='ocrx_word' id='word_1_305' title='bbox 415 4239 493 4284; x_wconf 83' lang='lat' dir='ltr'><strong>eune</strong></span> <span class='ocrx_word' id='word_1_306' title='bbox 515 4219 634 4302; x_wconf 77' lang='lat' dir='ltr'><strong>pignus</strong></span> <span class='ocrx_word' id='word_1_307' title='bbox 656 4237 722 4282; x_wconf 88' lang='lat' dir='ltr'><strong>non</strong></span> <span class='ocrx_word' id='word_1_308' title='bbox 741 4224 892 4298; x_wconf 88' lang='lat' dir='ltr'><strong>opponet.</strong></span> <span class='ocrx_word' id='word_1_309' title='bbox 930 4212 1072 4280; x_wconf 83' lang='lat' dir='ltr'><strong>Proinde</strong></span> <span class='ocrx_word' id='word_1_310' title='bbox 1087 4213 1168 4279; x_wconf 84' lang='lat' dir='ltr'><strong>heeo</strong></span> <span class='ocrx_word' id='word_1_311' title='bbox 1220 4219 1297 4300; x_wconf 88' lang='lat' dir='ltr'><strong>quie</strong></span> <span class='ocrx_word' id='word_1_312' title='bbox 1333 4237 1434 4301; x_wconf 80' lang='lat' dir='ltr'><strong>greve</strong></span> <span class='ocrx_word' id='word_1_313' title='bbox 1470 4216 1704 4284; x_wconf 85' lang='lat' dir='ltr'><strong>offendioulum</strong></span> <span class='ocrx_word' id='word_1_314' title='bbox 1741 4218 1858 4284; x_wconf 85' lang='lat' dir='ltr'><strong>efferre</strong></span> <span class='ocrx_word' id='word_1_315' title='bbox 1895 4219 2004 4284; x_wconf 89' lang='lat' dir='ltr'><strong>solent</strong></span> <span class='ocrx_word' id='word_1_316' title='bbox 2040 4217 2201 4284; x_wconf 91' lang='lat' dir='ltr'><strong>eiusmodi</strong></span> 
     </span>
     <span class='ocr_line' id='line_1_24' title="bbox 190 4301 2201 4389; baseline -0.001 -19"><span class='ocrx_word' id='word_1_317' title='bbox 190 4305 327 4388; x_wconf 85' lang='lat' dir='ltr'><strong>epistole</strong></span> <span class='ocrx_word' id='word_1_318' title='bbox 349 4307 440 4386; x_wconf 89' lang='lat' dir='ltr'><strong>qnesi</strong></span> <span class='ocrx_word' id='word_1_319' title='bbox 462 4302 606 4369; x_wconf 87' lang='lat' dir='ltr'><strong>solennis</strong></span> <span class='ocrx_word' id='word_1_320' title='bbox 628 4302 788 4387; x_wconf 88' lang='lat' dir='ltr'><strong>queedem</strong></span> <span class='ocrx_word' id='word_1_321' title='bbox 809 4309 859 4367; x_wconf 88' lang='lat' dir='ltr'><strong>eet</strong></span> <span class='ocrx_word' id='word_1_322' title='bbox 876 4301 1072 4383; x_wconf 89' lang='lat' dir='ltr'><strong>subeoriptio</strong></span> <span class='ocrx_word' id='word_1_323' title='bbox 1089 4320 1167 4383; x_wconf 85' lang='lat' dir='ltr'><strong>peu·</strong></span> <span class='ocrx_word' id='word_1_324' title='bbox 1221 4304 1341 4384; x_wconf 86' lang='lat' dir='ltr'><strong>lepsue‚</strong></span> <span class='ocrx_word' id='word_1_325' title='bbox 1376 4305 1568 4385; x_wconf 89' lang='lat' dir='ltr'><strong>prsesertim</strong></span> <span class='ocrx_word' id='word_1_326' title='bbox 1601 4304 1769 4370; x_wconf 90' lang='lat' dir='ltr'><strong>hominnm</strong></span> <span class='ocrx_word' id='word_1_327' title='bbox 1802 4304 1981 4389; x_wconf 78' lang='lat' dir='ltr'><strong>insignium</strong></span> <span class='ocrx_word' id='word_1_328' title='bbox 2014 4314 2048 4368; x_wconf 90' lang='lat' dir='ltr'><strong>et</strong></span> <span class='ocrx_word' id='word_1_329' title='bbox 2079 4305 2136 4388; x_wconf 90' lang='lat' dir='ltr'><strong>qni</strong></span> <span class='ocrx_word' id='word_1_330' title='bbox 2164 4306 2201 4368; x_wconf 89' lang='lat' dir='ltr'><strong>in</strong></span> 
     </span>
     <span class='ocr_line' id='line_1_25' title="bbox 191 4386 2201 4471; baseline 0 -16"><span class='ocrx_word' id='word_1_331' title='bbox 191 4391 279 4456; x_wconf 85' lang='lat' dir='ltr'><strong>lineo</strong></span> <span class='ocrx_word' id='word_1_332' title='bbox 310 4389 493 4455; x_wconf 80' lang='lat' dir='ltr'><strong>doetrinae:</strong></span> <span class='ocrx_word' id='word_1_333' title='bbox 523 4409 627 4471; x_wconf 89' lang='lat' dir='ltr'><strong>eeqne</strong></span> <span class='ocrx_word' id='word_1_334' title='bbox 656 4408 756 4452; x_wconf 88' lang='lat' dir='ltr'><strong>exre</strong></span> <span class='ocrx_word' id='word_1_335' title='bbox 779 4387 952 4471; x_wconf 78' lang='lat' dir='ltr'><strong>praesenti.</strong></span> <span class='ocrx_word' id='word_1_336' title='bbox 996 4386 1067 4450; x_wconf 91' lang='lat' dir='ltr'><strong>lem</strong></span> <span class='ocrx_word' id='word_1_337' title='bbox 1091 4405 1169 4452; x_wconf 84' lang='lat' dir='ltr'><strong>vero</strong></span> <span class='ocrx_word' id='word_1_338' title='bbox 1221 4386 1330 4470; x_wconf 87' lang='lat' dir='ltr'><strong>elique</strong></span> <span class='ocrx_word' id='word_1_339' title='bbox 1353 4389 1593 4455; x_wconf 70' lang='lat' dir='ltr'><strong>existimatione</strong></span> <span class='ocrx_word' id='word_1_340' title='bbox 1614 4390 1756 4467; x_wconf 84' lang='lat' dir='ltr'><strong>inerunt,</strong></span> <span class='ocrx_word' id='word_1_341' title='bbox 1779 4389 1872 4456; x_wconf 87' lang='lat' dir='ltr'><strong>‹looet</strong></span> <span class='ocrx_word' id='word_1_342' title='bbox 1894 4411 1960 4456; x_wconf 92' lang='lat' dir='ltr'><strong>non</strong></span> <span class='ocrx_word' id='word_1_343' title='bbox 1982 4389 2100 4455; x_wconf 87' lang='lat' dir='ltr'><strong>debere</strong></span> <span class='ocrx_word' id='word_1_344' title='bbox 2121 4390 2201 4456; x_wconf 89' lang='lat' dir='ltr'><strong>hino</strong></span> 
     </span>
     <span class='ocr_line' id='line_1_26' title="bbox 190 4471 2201 4559; baseline -0 -18"><span class='ocrx_word' id='word_1_345' title='bbox 190 4477 349 4541; x_wconf 86' lang='lat' dir='ltr'><strong>memorie</strong></span> <span class='ocrx_word' id='word_1_346' title='bbox 377 4485 489 4540; x_wconf 90' lang='lat' dir='ltr'><strong>tenere</strong></span> <span class='ocrx_word' id='word_1_347' title='bbox 518 4493 635 4557; x_wconf 79' lang='lat' dir='ltr'><strong>operae</strong></span> <span class='ocrx_word' id='word_1_348' title='bbox 661 4475 803 4557; x_wconf 87' lang='lat' dir='ltr'><strong>pretium</strong></span> <span class='ocrx_word' id='word_1_349' title='bbox 825 4471 982 4555; x_wconf 86' lang='lat' dir='ltr'><strong>estquod</strong></span> <span class='ocrx_word' id='word_1_350' title='bbox 1004 4473 1040 4536; x_wconf 89' lang='lat' dir='ltr'><strong>in</strong></span> <span class='ocrx_word' id='word_1_351' title='bbox 1063 4473 1169 4555; x_wconf 90' lang='lat' dir='ltr'><strong>priore</strong></span> <span class='ocrx_word' id='word_1_352' title='bbox 1222 4475 1292 4558; x_wconf 86' lang='lat' dir='ltr'><strong>pios</strong></span> <span class='ocrx_word' id='word_1_353' title='bbox 1314 4473 1453 4540; x_wconf 79' lang='lat' dir='ltr'><strong>tur-beri:</strong></span> <span class='ocrx_word' id='word_1_354' title='bbox 1477 4476 1555 4557; x_wconf 87' lang='lat' dir='ltr'><strong>quie</strong></span> <span class='ocrx_word' id='word_1_355' title='bbox 1571 4495 1637 4540; x_wconf 89' lang='lat' dir='ltr'><strong>non</strong></span> <span class='ocrx_word' id='word_1_356' title='bbox 1655 4496 1768 4541; x_wconf 89' lang='lat' dir='ltr'><strong>omnes</strong></span> <span class='ocrx_word' id='word_1_357' title='bbox 1786 4477 1840 4559; x_wconf 91' lang='lat' dir='ltr'><strong>qui</strong></span> <span class='ocrx_word' id='word_1_358' title='bbox 1860 4477 2058 4557; x_wconf 85' lang='lat' dir='ltr'><strong>profitentur</strong></span> <span class='ocrx_word' id='word_1_359' title='bbox 2072 4474 2201 4541; x_wconf 86' lang='lat' dir='ltr'><strong>Ohristi</strong></span> 
     </span>
     <span class='ocr_line' id='line_1_27' title="bbox 191 4557 2200 4644; baseline -0.001 -18"><span class='ocrx_word' id='word_1_360' title='bbox 191 4561 330 4644; x_wconf 84' lang='lat' dir='ltr'><strong>epistole</strong></span> <span class='ocrx_word' id='word_1_361' title='bbox 363 4561 605 4637; x_wconf 75' lang='lat' dir='ltr'><strong>admonuimus,</strong></span> <span class='ocrx_word' id='word_1_362' title='bbox 637 4579 704 4624; x_wconf 91' lang='lat' dir='ltr'><strong>non</strong></span> <span class='ocrx_word' id='word_1_363' title='bbox 735 4558 834 4624; x_wconf 90' lang='lat' dir='ltr'><strong>nnius</strong></span> <span class='ocrx_word' id='word_1_364' title='bbox 867 4566 995 4623; x_wconf 88' lang='lat' dir='ltr'><strong>tentum</strong></span> <span class='ocrx_word' id='word_1_365' title='bbox 1028 4557 1169 4623; x_wconf 90' lang='lat' dir='ltr'><strong>hominis</strong></span> <span class='ocrx_word' id='word_1_366' title='bbox 1222 4579 1351 4639; x_wconf 90' lang='lat' dir='ltr'><strong>nomen,</strong></span> <span class='ocrx_word' id='word_1_367' title='bbox 1373 4580 1453 4625; x_wconf 80' lang='lat' dir='ltr'><strong>vere</strong></span> <span class='ocrx_word' id='word_1_368' title='bbox 1467 4560 1594 4627; x_wconf 87' lang='lat' dir='ltr'><strong>Ohrieti</strong></span> <span class='ocrx_word' id='word_1_369' title='bbox 1616 4565 1699 4627; x_wconf 68' lang='lat' dir='ltr'><strong>sinte</strong></span> <span class='ocrx_word' id='word_1_370' title='bbox 1722 4571 1756 4627; x_wconf 93' lang='lat' dir='ltr'><strong>et</strong></span> <span class='ocrx_word' id='word_1_371' title='bbox 1770 4561 1941 4626; x_wconf 88' lang='lat' dir='ltr'><strong>eoolesiem</strong></span> <span class='ocrx_word' id='word_1_372' title='bbox 1956 4560 2033 4628; x_wconf 92' lang='lat' dir='ltr'><strong>huio</strong></span> <span class='ocrx_word' id='word_1_373' title='bbox 2048 4562 2200 4627; x_wconf 85' lang='lat' dir='ltr'><strong>miseriee</strong></span> 
     </span>
     <span class='ocr_line' id='line_1_28' title="bbox 189 4643 2201 4731; baseline 0.001 -21"><span class='ocrx_word' id='word_1_374' title='bbox 189 4666 291 4714; x_wconf 88' lang='lat' dir='ltr'><strong>oense</strong></span> <span class='ocrx_word' id='word_1_375' title='bbox 305 4647 474 4731; x_wconf 89' lang='lat' dir='ltr'><strong>soripeisee</strong></span> <span class='ocrx_word' id='word_1_376' title='bbox 489 4646 682 4730; x_wconf 86' lang='lat' dir='ltr'><strong>epoetolnm,</strong></span> <span class='ocrx_word' id='word_1_377' title='bbox 700 4643 757 4710; x_wconf 91' lang='lat' dir='ltr'><strong>sed</strong></span> <span class='ocrx_word' id='word_1_378' title='bbox 772 4645 980 4727; x_wconf 87' lang='lat' dir='ltr'><strong>proposuisse</strong></span> <span class='ocrx_word' id='word_1_379' title='bbox 994 4643 1055 4710; x_wconf 87' lang='lat' dir='ltr'><strong>snb</strong></span> <span class='ocrx_word' id='word_1_380' title='bbox 1070 4644 1168 4709; x_wconf 88' lang='lat' dir='ltr'><strong>unius</strong></span> <span class='ocrx_word' id='word_1_381' title='bbox 1221 4644 1396 4709; x_wconf 83' lang='lat' dir='ltr'><strong>obnoxium</strong></span> <span class='ocrx_word' id='word_1_382' title='bbox 1426 4666 1496 4713; x_wconf 85' lang='lat' dir='ltr'><strong>esse</strong></span> <span class='ocrx_word' id='word_1_383' title='bbox 1527 4653 1686 4730; x_wconf 84' lang='lat' dir='ltr'><strong>oportent,</strong></span> <span class='ocrx_word' id='word_1_384' title='bbox 1716 4656 1755 4712; x_wconf 91' lang='grc' dir='ltr'><strong>ιιι</strong></span> <span class='ocrx_word' id='word_1_385' title='bbox 1783 4647 1870 4711; x_wconf 89' lang='lat' dir='ltr'><strong>inter</strong></span> <span class='ocrx_word' id='word_1_386' title='bbox 1899 4645 2002 4713; x_wconf 89' lang='lat' dir='ltr'><strong>melos</strong></span> <span class='ocrx_word' id='word_1_387' title='bbox 2029 4656 2062 4713; x_wconf 91' lang='lat' dir='ltr'><strong>et</strong></span> <span class='ocrx_word' id='word_1_388' title='bbox 2083 4648 2201 4730; x_wconf 88' lang='lat' dir='ltr'><strong>impios</strong></span> 
     </span>
     <span class='ocr_line' id='line_1_29' title="bbox 192 4727 2201 4816; baseline -0.001 -17"><span class='ocrx_word' id='word_1_389' title='bbox 192 4752 334 4816; x_wconf 80' lang='lat' dir='ltr'><strong>pemeus</strong></span> <span class='ocrx_word' id='word_1_390' title='bbox 365 4752 572 4800; x_wconf 90' lang='lat' dir='ltr'><strong>eommunem</strong></span> <span class='ocrx_word' id='word_1_391' title='bbox 605 4730 800 4806; x_wconf 76' lang='lat' dir='ltr'><strong>domninum,</strong></span> <span class='ocrx_word' id='word_1_392' title='bbox 838 4749 921 4811; x_wconf 89' lang='lat' dir='ltr'><strong>quse</strong></span> <span class='ocrx_word' id='word_1_393' title='bbox 951 4736 1064 4812; x_wconf 84' lang='lat' dir='ltr'><strong>postes</strong></span> <span class='ocrx_word' id='word_1_394' title='bbox 1096 4727 1169 4794; x_wconf 89' lang='lat' dir='ltr'><strong>eliis</strong></span> <span class='ocrx_word' id='word_1_395' title='bbox 1222 4730 1348 4794; x_wconf 88' lang='lat' dir='ltr'><strong>hebitet</strong></span> <span class='ocrx_word' id='word_1_396' title='bbox 1365 4732 1400 4795; x_wconf 89' lang='lat' dir='ltr'><strong>in</strong></span> <span class='ocrx_word' id='word_1_397' title='bbox 1419 4730 1481 4796; x_wconf 90' lang='lat' dir='ltr'><strong>hoo</strong></span> <span class='ocrx_word' id='word_1_398' title='bbox 1498 4731 1631 4798; x_wconf 89' lang='lat' dir='ltr'><strong>mundo.</strong></span> <span class='ocrx_word' id='word_1_399' title='bbox 1665 4731 1762 4813; x_wconf 80' lang='lat' dir='ltr'><strong>Quod</strong></span> <span class='ocrx_word' id='word_1_400' title='bbox 1779 4741 1889 4797; x_wconf 89' lang='lat' dir='ltr'><strong>temon</strong></span> <span class='ocrx_word' id='word_1_401' title='bbox 1904 4753 1946 4797; x_wconf 88' lang='lat' dir='ltr'><strong>ne</strong></span> <span class='ocrx_word' id='word_1_402' title='bbox 1962 4732 2048 4797; x_wconf 88' lang='lat' dir='ltr'><strong>ultre</strong></span> <span class='ocrx_word' id='word_1_403' title='bbox 2063 4731 2201 4798; x_wconf 88' lang='lat' dir='ltr'><strong>modum</strong></span> 
     </span>
     <span class='ocr_line' id='line_1_30' title="bbox 192 4812 2208 4901; baseline 0 -18"><span class='ocrx_word' id='word_1_404' title='bbox 192 4839 252 4901; x_wconf 89' lang='lat' dir='ltr'><strong>per</strong></span> <span class='ocrx_word' id='word_1_405' title='bbox 280 4819 351 4884; x_wconf 88' lang='lat' dir='ltr'><strong>eius</strong></span> <span class='ocrx_word' id='word_1_406' title='bbox 379 4838 515 4884; x_wconf 88' lang='lat' dir='ltr'><strong>menum</strong></span> <span class='ocrx_word' id='word_1_407' title='bbox 542 4815 736 4883; x_wconf 81' lang='lat' dir='ltr'><strong>truderetur.</strong></span> <span class='ocrx_word' id='word_1_408' title='bbox 785 4813 836 4879; x_wconf 82' lang='lat' dir='ltr'><strong>Ae</strong></span> <span class='ocrx_word' id='word_1_409' title='bbox 863 4815 1007 4897; x_wconf 91' lang='lat' dir='ltr'><strong>primum</strong></span> <span class='ocrx_word' id='word_1_410' title='bbox 1036 4812 1168 4899; x_wconf 87' lang='lat' dir='ltr'><strong>quidem</strong></span> <span class='ocrx_word' id='word_1_411' title='bbox 1244 4815 1376 4880; x_wconf 88' lang='lat' dir='ltr'><strong>eroellet</strong></span> <span class='ocrx_word' id='word_1_412' title='bbox 1397 4816 1546 4884; x_wconf 89' lang='lat' dir='ltr'><strong>infirmes</strong></span> <span class='ocrx_word' id='word_1_413' title='bbox 1568 4822 1704 4896; x_wconf 86' lang='lat' dir='ltr'><strong>mentes,</strong></span> <span class='ocrx_word' id='word_1_414' title='bbox 1728 4818 1908 4901; x_wconf 87' lang='lat' dir='ltr'><strong>prudenter</strong></span> <span class='ocrx_word' id='word_1_415' title='bbox 1924 4825 2101 4901; x_wconf 88' lang='lat' dir='ltr'><strong>temperet:</strong></span> <span class='ocrx_word' id='word_1_416' title='bbox 2124 4819 2208 4900; x_wconf 77' lang='lat' dir='ltr'><strong>quie</strong></span> 
     </span>
     <span class='ocr_line' id='line_1_31' title="bbox 192 4900 2200 4988; baseline 0.002 -22"><span class='ocrx_word' id='word_1_417' title='bbox 192 4903 326 4969; x_wconf 86' lang='lat' dir='ltr'><strong>leudete</strong></span> <span class='ocrx_word' id='word_1_418' title='bbox 361 4902 426 4969; x_wconf 90' lang='lat' dir='ltr'><strong>fide</strong></span> <span class='ocrx_word' id='word_1_419' title='bbox 459 4901 622 4969; x_wconf 68' lang='lat' dir='ltr'><strong>Timothei</strong></span> <span class='ocrx_word' id='word_1_420' title='bbox 654 4903 689 4967; x_wconf 89' lang='lat' dir='ltr'><strong>in</strong></span> <span class='ocrx_word' id='word_1_421' title='bbox 723 4921 788 4984; x_wconf 88' lang='lat' dir='ltr'><strong>qne</strong></span> <span class='ocrx_word' id='word_1_422' title='bbox 821 4900 977 4967; x_wconf 84' lang='lat' dir='ltr'><strong>edueetne</strong></span> <span class='ocrx_word' id='word_1_423' title='bbox 1010 4900 1117 4966; x_wconf 82' lang='lat' dir='ltr'><strong>lueret</strong></span> <span class='ocrx_word' id='word_1_424' title='bbox 1149 4920 1169 4966; x_wconf 87' lang='lat' dir='ltr'><strong>e</strong></span> <span class='ocrx_word' id='word_1_425' title='bbox 1257 4901 1388 4967; x_wconf 90' lang='lat' dir='ltr'><strong>ominus</strong></span> <span class='ocrx_word' id='word_1_426' title='bbox 1405 4922 1491 4979; x_wconf 90' lang='lat' dir='ltr'><strong>suos,</strong></span> <span class='ocrx_word' id='word_1_427' title='bbox 1521 4923 1602 4987; x_wconf 91' lang='lat' dir='ltr'><strong>quos</strong></span> <span class='ocrx_word' id='word_1_428' title='bbox 1631 4902 1740 4988; x_wconf 81' lang='lat' dir='ltr'><strong>elegit,</strong></span> <span class='ocrx_word' id='word_1_429' title='bbox 1769 4902 1810 4969; x_wconf 86' lang='lat' dir='ltr'><strong>ed</strong></span> <span class='ocrx_word' id='word_1_430' title='bbox 1833 4904 1933 4969; x_wconf 88' lang='lat' dir='ltr'><strong>finem</strong></span> <span class='ocrx_word' id='word_1_431' title='bbox 1956 4924 2059 4988; x_wconf 86' lang='lat' dir='ltr'><strong>usque</strong></span> <span class='ocrx_word' id='word_1_432' title='bbox 2081 4913 2200 4970; x_wconf 84' lang='lat' dir='ltr'><strong>servet.</strong></span> 
     </span>
     <span class='ocr_line' id='line_1_32' title="bbox 191 4985 2202 5073; baseline 0 -20"><span class='ocrx_word' id='word_1_433' title='bbox 191 5009 304 5073; x_wconf 86' lang='lat' dir='ltr'><strong>puero,</strong></span> <span class='ocrx_word' id='word_1_434' title='bbox 326 4997 363 5054; x_wconf 93' lang='lat' dir='ltr'><strong>nt</strong></span> <span class='ocrx_word' id='word_1_435' title='bbox 379 4989 415 5053; x_wconf 93' lang='lat' dir='ltr'><strong>in</strong></span> <span class='ocrx_word' id='word_1_436' title='bbox 438 4989 587 5056; x_wconf 87' lang='lat' dir='ltr'><strong>doetrine</strong></span> <span class='ocrx_word' id='word_1_437' title='bbox 608 5008 706 5071; x_wconf 89' lang='lat' dir='ltr'><strong>quem</strong></span> <span class='ocrx_word' id='word_1_438' title='bbox 729 4986 899 5071; x_wconf 86' lang='lat' dir='ltr'><strong>didioeret,</strong></span> <span class='ocrx_word' id='word_1_439' title='bbox 920 4996 954 5052; x_wconf 94' lang='grc' dir='ltr'><strong>ιι</strong></span> <span class='ocrx_word' id='word_1_440' title='bbox 975 4986 1010 5052; x_wconf 94' lang='lat' dir='ltr'><strong>in</strong></span> <span class='ocrx_word' id='word_1_441' title='bbox 1032 5004 1169 5051; x_wconf 92' lang='lat' dir='ltr'><strong>munere</strong></span> <span class='ocrx_word' id='word_1_442' title='bbox 1222 4985 1323 5052; x_wconf 86' lang='lat' dir='ltr'><strong>Redit</strong></span> <span class='ocrx_word' id='word_1_443' title='bbox 1345 4996 1456 5070; x_wconf 84' lang='lat' dir='ltr'><strong>postes</strong></span> <span class='ocrx_word' id='word_1_444' title='bbox 1477 4988 1518 5053; x_wconf 91' lang='lat' dir='ltr'><strong>ed</strong></span> <span class='ocrx_word' id='word_1_445' title='bbox 1532 4988 1749 5065; x_wconf 49' lang='lat' dir='ltr'><strong>,Timotheum</strong></span> <span class='ocrx_word' id='word_1_446' title='bbox 1772 4988 2015 5055; x_wconf 88' lang='lat' dir='ltr'><strong>oxhortendnm</strong></span> <span class='ocrx_word' id='word_1_447' title='bbox 2037 5009 2101 5072; x_wconf 89' lang='lat' dir='ltr'><strong>quo</strong></span> <span class='ocrx_word' id='word_1_448' title='bbox 2123 4989 2202 5053; x_wconf 88' lang='lat' dir='ltr'><strong>fide-</strong></span> 
     </span>
     <span class='ocr_line' id='line_1_33' title="bbox 189 5071 2201 5160; baseline -0 -20"><span class='ocrx_word' id='word_1_449' title='bbox 189 5074 253 5140; x_wconf 90' lang='lat' dir='ltr'><strong>eibi</strong></span> <span class='ocrx_word' id='word_1_450' title='bbox 275 5076 446 5140; x_wconf 82' lang='lat' dir='ltr'><strong>sommiseo</strong></span> <span class='ocrx_word' id='word_1_451' title='bbox 469 5074 609 5141; x_wconf 86' lang='lat' dir='ltr'><strong>fideliter</strong></span> <span class='ocrx_word' id='word_1_452' title='bbox 629 5085 826 5156; x_wconf 84' lang='lat' dir='ltr'><strong>perseveret,</strong></span> <span class='ocrx_word' id='word_1_453' title='bbox 848 5093 922 5137; x_wconf 92' lang='lat' dir='ltr'><strong>eum</strong></span> <span class='ocrx_word' id='word_1_454' title='bbox 946 5071 1112 5138; x_wconf 88' lang='lat' dir='ltr'><strong>hortetur:</strong></span> <span class='ocrx_word' id='word_1_455' title='bbox 1136 5077 1170 5138; x_wconf 89' lang='lat' dir='ltr'><strong>et</strong></span> <span class='ocrx_word' id='word_1_456' title='bbox 1222 5073 1298 5137; x_wconf 90' lang='lat' dir='ltr'><strong>liter</strong></span> <span class='ocrx_word' id='word_1_457' title='bbox 1320 5072 1537 5140; x_wconf 87' lang='lat' dir='ltr'><strong>ministerium</strong></span> <span class='ocrx_word' id='word_1_458' title='bbox 1556 5095 1651 5140; x_wconf 91' lang='lat' dir='ltr'><strong>snum</strong></span> <span class='ocrx_word' id='word_1_459' title='bbox 1670 5074 1805 5159; x_wconf 88' lang='lat' dir='ltr'><strong>exsequi</strong></span> <span class='ocrx_word' id='word_1_460' title='bbox 1821 5083 1948 5160; x_wconf 77' lang='lat' dir='ltr'><strong>porget</strong></span> <span class='ocrx_word' id='word_1_461' title='bbox 1986 5074 2032 5139; x_wconf 80' lang='lat' dir='ltr'><strong>tlt</strong></span> <span class='ocrx_word' id='word_1_462' title='bbox 2046 5093 2110 5159; x_wconf 91' lang='lat' dir='ltr'><strong>qno</strong></span> <span class='ocrx_word' id='word_1_463' title='bbox 2126 5073 2201 5158; x_wconf 90' lang='lat' dir='ltr'><strong>plus</strong></span> 
     </span>
     <span class='ocr_line' id='line_1_34' title="bbox 187 5158 2203 5246; baseline -0 -21"><span class='ocrx_word' id='word_1_464' title='bbox 187 5161 299 5238; x_wconf 84' lang='lat' dir='ltr'><strong>simul,</strong></span> <span class='ocrx_word' id='word_1_465' title='bbox 322 5181 364 5226; x_wconf 88' lang='lat' dir='ltr'><strong>ne</strong></span> <span class='ocrx_word' id='word_1_466' title='bbox 386 5171 518 5246; x_wconf 87' lang='lat' dir='ltr'><strong>propter</strong></span> <span class='ocrx_word' id='word_1_467' title='bbox 540 5181 601 5226; x_wconf 84' lang='lat' dir='ltr'><strong>sne</strong></span> <span class='ocrx_word' id='word_1_468' title='bbox 623 5159 756 5225; x_wconf 87' lang='lat' dir='ltr'><strong>vinoule</strong></span> <span class='ocrx_word' id='word_1_469' title='bbox 778 5167 836 5224; x_wconf 85' lang='lat' dir='ltr'><strong>eut</strong></span> <span class='ocrx_word' id='word_1_470' title='bbox 856 5158 994 5224; x_wconf 89' lang='lat' dir='ltr'><strong>eliorum</strong></span> <span class='ocrx_word' id='word_1_471' title='bbox 1018 5158 1169 5225; x_wconf 86' lang='lat' dir='ltr'><strong>defentio-</strong></span> <span class='ocrx_word' id='word_1_472' title='bbox 1223 5158 1273 5223; x_wconf 93' lang='lat' dir='ltr'><strong>illi</strong></span> <span class='ocrx_word' id='word_1_473' title='bbox 1305 5158 1536 5226; x_wconf 86' lang='lat' dir='ltr'><strong>sollieitudiuis</strong></span> <span class='ocrx_word' id='word_1_474' title='bbox 1569 5161 1722 5242; x_wconf 89' lang='lat' dir='ltr'><strong>inuutiet,</strong></span> <span class='ocrx_word' id='word_1_475' title='bbox 1759 5160 1918 5245; x_wconf 87' lang='lat' dir='ltr'><strong>preedioit</strong></span> <span class='ocrx_word' id='word_1_476' title='bbox 1949 5180 2049 5245; x_wconf 91' lang='lat' dir='ltr'><strong>quem</strong></span> <span class='ocrx_word' id='word_1_477' title='bbox 2081 5160 2203 5225; x_wconf 80' lang='lat' dir='ltr'><strong>infeste</strong></span> 
     </span>
     <span class='ocr_line' id='line_1_35' title="bbox 190 5242 2205 5332; baseline -0.001 -20"><span class='ocrx_word' id='word_1_478' title='bbox 190 5267 251 5312; x_wconf 85' lang='lat' dir='ltr'><strong>nee</strong></span> <span class='ocrx_word' id='word_1_479' title='bbox 273 5247 428 5328; x_wconf 85' lang='lat' dir='ltr'><strong>lebeeeet,</strong></span> <span class='ocrx_word' id='word_1_480' title='bbox 458 5249 499 5313; x_wconf 91' lang='lat' dir='ltr'><strong>de</strong></span> <span class='ocrx_word' id='word_1_481' title='bbox 520 5267 579 5313; x_wconf 88' lang='lat' dir='ltr'><strong>sno</strong></span> <span class='ocrx_word' id='word_1_482' title='bbox 601 5244 785 5330; x_wconf 87' lang='lat' dir='ltr'><strong>spostoletu</strong></span> <span class='ocrx_word' id='word_1_483' title='bbox 808 5253 842 5310; x_wconf 91' lang='lat' dir='ltr'><strong>et</strong></span> <span class='ocrx_word' id='word_1_484' title='bbox 865 5245 1012 5312; x_wconf 87' lang='lat' dir='ltr'><strong>meroede</strong></span> <span class='ocrx_word' id='word_1_485' title='bbox 1035 5242 1097 5310; x_wconf 90' lang='lat' dir='ltr'><strong>sibi</strong></span> <span class='ocrx_word' id='word_1_486' title='bbox 1120 5266 1170 5311; x_wconf 91' lang='lat' dir='ltr'><strong>re·</strong></span> <span class='ocrx_word' id='word_1_487' title='bbox 1225 5244 1319 5313; x_wconf 87' lang='lat' dir='ltr'><strong>bonis</strong></span> <span class='ocrx_word' id='word_1_488' title='bbox 1346 5254 1381 5313; x_wconf 92' lang='lat' dir='ltr'><strong>et</strong></span> <span class='ocrx_word' id='word_1_489' title='bbox 1409 5247 1472 5331; x_wconf 91' lang='lat' dir='ltr'><strong>piis</strong></span> <span class='ocrx_word' id='word_1_490' title='bbox 1500 5256 1651 5332; x_wconf 79' lang='lat' dir='ltr'><strong>tempore</strong></span> <span class='ocrx_word' id='word_1_491' title='bbox 1673 5248 1875 5327; x_wconf 73' lang='lat' dir='ltr'><strong>immineant,</strong></span> <span class='ocrx_word' id='word_1_492' title='bbox 1904 5266 2005 5330; x_wconf 88' lang='lat' dir='ltr'><strong>quem</strong></span> <span class='ocrx_word' id='word_1_493' title='bbox 2027 5245 2205 5330; x_wconf 90' lang='lat' dir='ltr'><strong>pernioioei</strong></span> 
     </span>
    </p>
   </div>
   <div class='ocr_carea' id='block_1_3' title="bbox 1945 5367 1997 5428">
    <p class='ocr_par' dir='ltr' id='par_1_3' title="bbox 1945 5367 1997 5428">
     <span class='ocr_line' id='line_1_36' title="bbox 1945 5367 1997 5428; baseline 0 -23"><span class='ocrx_word' id='word_1_494' title='bbox 1945 5367 1997 5428; x_wconf 67' lang='lat'><strong>22⁸</strong></span> 
     </span>
    </p>
   </div>
   <div class='ocr_carea' id='block_1_4' title="bbox 0 0 2389 6016">
    <p class='ocr_par' dir='ltr' id='par_1_4' title="bbox 0 0 2389 6016">
     <span class='ocr_line' id='line_1_37' title="bbox 0 0 2389 6016; baseline 0 0"><span class='ocrx_word' id='word_1_495' title='bbox 0 0 2389 6016; x_wconf 95' lang='lat' dir='ltr'><strong> </strong></span> 
     </span>
    </p>
   </div>
  </div>
 </body>
</html>
