4740 6016
179 356 244 423 201
1075 355 1226 426 cAPuu
1248 355 1310 423 IV.
2131 358 2197 428 202

182 549 251 616 dati
273 555 353 617 aunt
373 549 410 615 in
432 547 558 618 canati
581 547 739 628 doetrina,
767 548 899 618 tametsi
922 547 1067 615 noudum
1090 570 1161 633 per·
1213 549 1330 632 phetas
1356 557 1391 613 et
1413 549 1620 633 evangelium
1642 548 1795 633 amplexi,
1813 551 1956 616 lruotnm
1980 551 2078 635 hune,
2100 573 2194 635 quem

180 635 259 703 teeti
280 635 359 714 sint
389 633 515 703 habent
544 644 655 701 tamen
685 644 812 701 tantum
835 634 1029 719 prudentiae
1057 643 1090 699 et
1112 656 1161 701 ro·
1214 633 1380 718 praedieat
1403 635 1534 712 Paulus,
1567 654 1632 700 non
1657 636 1845 703 dubitemus
1873 657 1934 702 nos
1961 636 2039 704 inde
2064 658 2196 724 pereep-

181 721 281 799 boris,
310 730 347 786 nt
369 721 474 788 soient
496 719 640 806 deligere
667 719 744 804 quid
766 720 811 787 sit
832 741 852 786 o
875 720 1003 794 timum,
1031 731 1064 785 ιι
1084 741 1161 788 aon·
1214 728 1317 803 turos,
1351 719 1492 802 nequid
1526 720 1617 786 nobie
1641 732 1780 787 noeeant
1798 742 1911 789 omnes
1936 723 2103 790 hominum
2132 725 2195 789 im·

182 813 313 875 ιιιιιιιι·
341 813 484 891 pergant
511 806 547 872 in
569 814 657 872 reato
685 826 792 873 eumn.
857 810 889 872 ta
915 805 1059 886 badium
1087 809 1164 890 nita,
1213 817 1375 890 pasturae.
1419 805 1620 872 Adorientur
1648 807 1781 890 quidem
1809 828 1879 892 nos,
1912 809 2070 876 sednon
2099 829 2194 895 prae·

183 913 265 976 quae
285 891 419 960 assiduo
427 892 568 975 presedit
583 891 626 958 ad
646 895 761 959 ιιιιιιιι
782 911 878 958 enam
898 891 1035 974 pradum
1055 892 1164 975 adspi-
1214 892 1382 959 valebunt.
1426 892 1546 958 Fateor
1572 913 1662 971 sane,
1693 891 1735 958 ab
1762 893 1898 960 eoelesia
1927 894 2101 979 petendam
2123 916 2195 964 esse

183 984 249 1059 rat,
269 977 499 1047 meamne
519 976 638 1045 suadis
658 981 712 1045 est.
757 974 854 1058 Quod
874 996 953 1062 ergo
976 977 1054 1057 dixi,
1081 999 1164 1044 nun·
1214 997 1327 1042 sanem
1347 977 1542 1043 doctrinam:
1566 978 1642 1060 quia
1663 977 1711 1044 illi
1733 978 2007 1062 dispensationem
2030 982 2195 1049 oemmisit

181 1065 341 1150 quanin
364 1063 426 1130 hae
455 1065 522 1131 vita
544 1085 606 1130 nos
633 1084 704 1131 esse
733 1063 829 1143 viros,
860 1084 925 1129 non
955 1062 1052 1129 debet
1074 1063 1163 1129 trahi
1215 1063 1315 1128 Deus.
1350 1061 1417 1130 Sed
1435 1083 1535 1145 quum
1558 1066 1715 1146 papistaa
1739 1065 1893 1132 seelesiae
1915 1074 2095 1150 praetextu,
2120 1067 2194 1135 doe·

182 1151 226 1218 ad
247 1149 390 1216 alterum
413 1157 608 1228 extremum,
630 1147 714 1233 quod
736 1158 871 1215 vooant:
893 1168 931 1215 so
946 1150 974 1215 si
990 1170 1055 1215 non
1070 1151 1165 1215 fieret
1215 1149 1336 1214 trinam
1352 1149 1522 1232 sepeliunt,
1544 1151 1624 1215 entis
1645 1149 1790 1232 produnt
1812 1170 1848 1215 se
1864 1151 2056 1218 diabolicam
2072 1152 2193 1220 habere

181 1255 378 1335 progressos
400 1244 496 1309 extra
512 1234 695 1318 pueritiam.
735 1234 820 1302 Nam
839 1243 1012 1318 postquam
1031 1234 1164 1301 Christo
1215 1254 1428 1319 synagogam.
1474 1233 1569 1315 Quod
1592 1255 1653 1319 ego
1682 1238 1765 1302 verti
1788 1237 2004 1316 astutiam,
2033 1258 2189 1322 greeeum

182 1333 257 1393 nata
279 1340 402 1399 summ,
424 1319 578 1388 debemus
600 1320 794 1401 adoleseere,
823 1321 870 1386 ita
899 1326 937 1385 ut
966 1340 1031 1385 nen
1060 1322 1163 1387 aimus
1214 1340 1333 1385 nomen
1356 1319 1550 1405 astatadstat,
1583 1320 1779 1387 translatum
1809 1322 1850 1388 ab
1876 1323 2083 1390 aleatoribus:
2107 1325 2193 1407 quod

182 1405 405 1492 intelligentia
427 1408 531 1490 pueri.
567 1405 657 1473 Hine
679 1416 814 1491 apparet
829 1406 935 1488 qualis
957 1405 1017 1473 sub
1040 1417 1162 1489 papatu
1214 1406 1300 1472 inter
1312 1425 1366 1471 eos
1377 1405 1497 1471 multae
1509 1409 1576 1472 sint
1584 1406 1718 1473 fallendi
1729 1416 1827 1474 artes.
1848 1407 2192 1496 Additurrrarenppia:

183 1496 231 1560 sit
252 1491 534 1572 Christianismus,
558 1492 613 1558 ubi
635 1513 732 1576 quam
756 1491 1003 1576 diligentissime
1018 1501 1163 1575 possum,
1214 1511 1278 1574 quo
1296 1490 1395 1557 verbo
1417 1491 1591 1576 signifieat,
1614 1492 1808 1560 exereitatos
1830 1515 1900 1560 esse
1922 1497 1956 1559 in
1979 1495 2116 1562 lallaoiis
2131 1496 2192 1562 Sa-

181 1581 218 1646 in
240 1577 303 1646 boo
325 1578 478 1655 laborant
499 1590 646 1661 penteres
667 1583 705 1644 ιιι
726 1577 854 1661 plebem
877 1578 1036 1661 inprime
1058 1578 1162 1644 inlan·
1213 1586 1311 1642 tanae
1341 1577 1518 1643 ministros.
1562 1577 1639 1644 Hue
1667 1579 1806 1655 aeeedit,
1838 1580 1924 1661 quod
1953 1581 2190 1649 adstruendae

180 1668 229 1732 tia
251 1664 433 1731 detineant.
1211 1662 1345 1729 insidias
1372 1664 1554 1730 exeubant:
1587 1683 1670 1745 quae
1704 1666 1814 1730 omnia
1840 1668 1983 1732 exaitare
2013 1680 2046 1731 et
2076 1686 2192 1734 aonere

272 1749 336 1832 Qui
356 1749 539 1817 aaaaemar
560 1748 868 1829 debeumferamur.
900 1747 1037 1816 Duabus
1060 1759 1159 1814 meta·
1211 1748 1357 1814 studium
1375 1758 1523 1815 nostrum
1540 1747 1668 1827 debent,
1693 1770 1744 1832 ne,
1758 1753 1785 1815 si
1803 1752 1960 1832 prolieere
1982 1750 2188 1837 negligamus

179 1836 295 1921 pharis
324 1833 491 1920 eleganter
511 1836 665 1901 miseram
694 1852 807 1902 eorum
831 1833 1080 1917 trepidationem
1103 1857 1160 1899 ex·
1210 1834 1246 1899 iu
1273 1836 1371 1900 verbo
1402 1834 1552 1914 Domini,
1587 1836 1627 1900 ab
1657 1836 1807 1901 hostibus
1835 1838 2060 1914 eiroumrenti‚
2094 1839 2192 1905 nimis

179 1922 303 2006 primit‚
327 1923 382 2003 qui
404 1921 506 1987 solide
521 1942 587 1986 non
602 1919 797 1988 recumbunt
812 1923 845 1985 in
862 1921 996 1986 verbum
1012 1919 1159 1987 Domini.
1210 1940 1342 1987 severas
1364 1920 1519 2004 ignaviae
1539 1929 1672 1986 nostrae
1695 1943 1816 2005 poenas
1838 1922 1960 1990 demus.

179 2008 334 2075 Primum
358 2006 516 2077 naviaulis
538 2006 615 2072 iaeit
636 2006 768 2082 similes,
792 2027 875 2089 quae
897 2006 1003 2072 medio
1025 2006 1159 2072 inmari

178 2094 283 2161 variis
297 2093 453 2160 fluetibus
474 2093 623 2172 iaetatae,
645 2102 770 2159 eertum
791 2112 925 2158 oursum
944 2112 1010 2157 non
1026 2101 1158 2157 tenent:
1297 2089 1347 2156 15.
1388 2088 1557 2156 Veritaten
1586 2097 1689 2157 aetem
1718 2096 1864 2159 ιιιιαιιιι
1885 2094 1922 2158 ia
1943 2095 2082 2175 caritate,
2112 2114 2192 2162 eree·

179 2201 241 2248 neo
263 2189 335 2246 arte
357 2189 417 2244 aut
437 2177 573 2245 oonsilio
595 2188 764 2262 reguntur,
787 2177 844 2243 sad
860 2176 1067 2259 abripiuntur
1079 2198 1157 2260 qno·
1209 2196 1317 2242 eomes
1338 2178 1373 2241 iar
1394 2196 1465 2241 eum
1480 2196 1543 2258 per
1563 2179 1679 2262 omnia,
1700 2179 1757 2259 pai
1775 2185 1820 2243 eat
1840 2184 1942 2260 eaput,
1960 2200 2067 2263 aernpe
2083 2180 2189 2248 cara·

178 2285 310 2347 auoque
342 2264 486 2348 impetus
519 2264 602 2330 tulit
656 2262 784 2330 Deinde
817 2269 985 2346 comparet
1016 2285 1072 2330 eos
1104 2265 1158 2328 vel
1210 2268 1285 2327 tam.
1333 2262 1381 2327 16.
1416 2261 1471 2327 Ea
1492 2282 1553 2344 quo
1583 2267 1678 2328 ιιιιιι
1698 2282 1812 2345 carpite
1833 2267 2035 2347 ompositam
2064 2272 2189 2333 etaem-

179 2350 328 2436 stipnlis,
358 2351 410 2417 vel
447 2349 520 2416 aliis
553 2349 650 2417 rebus
686 2350 843 2427 infirmis,
878 2369 959 2431 quae
992 2359 1091 2433 prout
1123 2371 1158 2415 se
1205 2353 1334 2432 paetum
1359 2369 1418 2429 per
1446 2368 1566 2413 amnem
1595 2349 1774 2414 iuncturam
1803 2350 2112 2436 subministrationis,
2143 2374 2188 2419 se-

179 2445 302 2505 ventus
323 2437 472 2514 moverit,
503 2435 670 2519 agitantur
691 2434 757 2501 huo
777 2447 810 2500 ιι
832 2435 920 2516 illue,
950 2441 983 2500 et
1005 2455 1101 2518 saepe
1123 2435 1158 2502 in
1209 2436 1345 2500 madum
1370 2434 1543 2516 effimeiam
1570 2436 1607 2498 ira
1633 2454 1783 2500 mensura
1806 2437 2054 2518 sarmatasque
2073 2440 2186 2518 partie,

181 2523 362 2590 contrarias
386 2531 505 2605 partes.
550 2519 616 2600 Sia,
646 2521 794 2603 inquam,
824 2539 956 2587 neeesse
979 2529 1030 2587 est
1054 2522 1157 2587 insta·
1208 2521 1429 2585 inermrentam
1454 2521 1596 2601 corporis
1618 2519 1697 2602 feeit
1724 2520 1760 2585 ia
1786 2520 2033 2602 aedificationem
2061 2524 2123 2602 sui,
2152 2526 2188 2590 ira

181 2610 264 2675 biles
292 2608 428 2684 moveri,
461 2605 579 2690 quibus
601 2606 850 2672 fundamentum
874 2608 907 2671 in
930 2626 993 2690 quo
1015 2606 1159 2688 aequies-
1209 2606 1347 2672 cordate.

179 2703 257 2763 eant
301 2715 365 2759 non
403 2704 452 2759 est
486 2702 619 2759 aeterna
650 2692 715 2758 Dei
757 2695 890 2757 veritas.
943 2692 1037 2758 Haeo
1069 2693 1157 2759 iusta

181 2801 286 2865 poena
308 2790 358 2846 ast
384 2779 543 2847 adversus
570 2800 694 2861 omnes,
728 2780 784 2862 qui
812 2779 845 2843 in
875 2778 1025 2843 homines
1050 2779 1158 2861 potius
1297 2775 1348 2840 15.
1390 2776 1555 2842 Veritatem
1577 2779 1689 2842 autem.
1733 2777 1805 2842 Iam
1829 2777 1938 2845 doonit
1964 2799 2024 2846 uos
2046 2797 2111 2846 non
2135 2780 2188 2846 de-

181 2888 279 2951 quam
295 2866 403 2931 Deum
419 2865 608 2947 respiciunt.
640 2864 764 2930 Contra
779 2886 855 2930 vero
872 2873 1010 2929 testatur
1025 2864 1158 2943 Paulos,
1212 2863 1286 2928 bere
1308 2882 1379 2928 esse
1401 2881 1532 2944 pueros,
1562 2864 1689 2928 ratione
1718 2872 1752 2928 et
1773 2864 1894 2931 indioio
1919 2865 2102 2933 destitutos.
2147 2866 2186 2930 ld

183 2954 293 3036 tidem,
323 2971 406 3034 quae
428 2951 491 3015 Dei
518 2952 618 3017 verbo
647 2950 774 3031 nititur,
804 2951 959 3016 invietnm
983 2958 1069 3016 stare
1102 2947 1158 3015 ad·
1210 2958 1249 3014 ut
1270 2948 1449 3028 eonfirmet‚
1477 2949 1567 3014 iubet
1588 2968 1649 3014 uos
1671 2968 1816 3015 eresoere
1844 2951 2058 3017 inveritate:
2089 2957 2187 3035 atque

181 3059 298 3105 versus
321 3058 435 3103 omnes
457 3034 601 3103 Satanae
623 3037 775 3102 insultus.
1210 3034 1244 3099 id
1277 3043 1328 3100 est
1360 3033 1443 3122 qued
1473 3035 1563 3118 prius
1596 3033 1684 3112 dixi,
1716 3036 1764 3099 ita
1793 3055 1852 3101 uos
1880 3035 1986 3102 adhue
2016 3037 2138 3104 distare
2166 3061 2188 3104 a

270 3123 386 3206 Quavis
424 3128 510 3188 aesta
547 3123 717 3189 doetrinae.
771 3121 917 3188 Pulohra
957 3121 1157 3204 metaphora,
1210 3119 1296 3185 virili
1319 3128 1435 3198 aetate,
1458 3130 1497 3186 ut
1518 3128 1628 3186 tamen
1652 3121 1755 3185 simus
1774 3121 1885 3205 pueris
1906 3124 2056 3189 maiores.
2098 3126 2186 3190 'Pan-

183 3210 260 3276 dam
283 3228 397 3276 omnes
413 3207 581 3273 homiuum
601 3207 774 3287 doetrinae,
796 3206 912 3290 quibus
934 3207 975 3272 ab
997 3207 1158 3290 evangelii
1210 3215 1280 3271 tum
1313 3206 1400 3270 enim
1428 3206 1640 3272 firmitudinis
1667 3205 1761 3272 debet
1793 3208 1827 3271 in
1858 3206 1951 3271 nobis
1978 3208 2098 3274 hebere
2120 3210 2185 3275 Dei

183 3295 393 3378 simplieitate
432 3293 661 3373 distrahimur,
701 3292 843 3376 appellat
881 3302 1006 3358 ventos.
1063 3292 1158 3360 Dens
1211 3294 1340 3369 veritas,
1374 3314 1415 3357 ne
1444 3311 1587 3374 unquam
1615 3311 1807 3359 moveamur
1837 3293 1877 3358 de
1906 3292 2021 3376 gradu,
2050 3295 2186 3376 quibus-

183 3384 272 3447 enim
299 3379 434 3447 verbnm
468 3401 562 3444 suum
596 3379 696 3458 dedit,
725 3382 760 3444 in
789 3400 852 3461 quo
884 3380 964 3446 sotis
994 3378 1157 3444 radicibus
1210 3400 1336 3462 dunque
1371 3378 1531 3444 machinis
1567 3399 1628 3442 nos
1662 3375 1767 3444 Satan
1803 3379 1948 3463 impetat.
1993 3379 2040 3444 Et
2074 3390 2185 3451 tamen

182 3487 371 3533 maneamus
405 3467 543 3531 immoti.
586 3466 748 3531 Homines
780 3474 890 3530 autem
924 3465 989 3530 hue
1019 3474 1052 3529 st
1080 3465 1158 3532 illue
1209 3466 1286 3548 quia
1308 3466 1455 3529 nondum
1478 3464 1587 3547 adepti
1607 3484 1721 3530 sumus
1734 3465 1868 3547 plenum
1888 3474 1921 3530 et
1935 3466 2061 3529 iustum
2076 3467 2186 3546 rohur,

181 3554 249 3620 suis
281 3553 448 3636 tigmentis
481 3571 540 3616 nos
572 3551 748 3617 abducunt.
804 3549 916 3631 Quum
950 3549 1041 3617 addit
1084 3571 1158 3632 per
1209 3551 1442 3634 prnfioiendum
1476 3561 1525 3615 est
1557 3570 1660 3632 usque
1691 3549 1732 3614 ad
1762 3557 1913 3617 mortem.
1957 3551 2076 3617 Finem
2110 3572 2185 3636 pro·

183 3649 310 3707 astum
340 3637 573 3718 hominum,
603 3638 767 3721 signifieat
794 3657 923 3720 semper
944 3637 1074 3702 futuros
1097 3637 1157 3702 im·
1210 3637 1315 3704 leatus
1337 3635 1549 3716 demonstrat,
1573 3645 1611 3701 ut
1632 3635 1721 3701 solus
1743 3636 1894 3703 Christus
1916 3639 2004 3704 inter
2026 3658 2086 3703 nos
2107 3640 2185 3703 emi·

182 3732 338 3809 pastores,
371 3723 429 3806 qui
461 3723 537 3788 fidei
571 3734 701 3789 nostrae
734 3723 927 3789 immineant
960 3731 993 3786 et
1024 3722 1159 3789 insidias
1209 3734 1302 3788 neat:
1334 3742 1459 3805 nosque
1481 3722 1612 3789 nonnisi
1633 3723 1670 3786 iu
1692 3723 1762 3805 ipso
1785 3724 1886 3788 fortes
1907 3725 2008 3789 simus
2031 3734 2088 3789 aut
2109 3744 2184 3806 pro·

182 3808 334 3879 tendant:
357 3810 415 3875 sed
427 3808 510 3873 nihil
533 3809 745 3892 protenturos,
767 3809 795 3876 si
817 3808 882 3873 Dei
901 3809 1039 3876 veritate
1061 3809 1158 3874 lueri·
1209 3809 1284 3874 ueri.
1329 3809 1454 3876 Iterum
1476 3809 1531 3875 hie
1553 3808 1644 3874 vides
1677 3817 1716 3872 ut
1738 3810 1903 3876 neminem
1925 3809 2098 3874 hominum
2128 3830 2186 3876 ex·

181 3917 255 3964 mus
284 3896 414 3961 muniti.
459 3891 608 3975 Quorum
639 3905 812 3977 utrumque
840 3893 1015 3979 diligenter
1045 3903 1156 3959 notan·
1208 3894 1324 3978 aipiat,
1358 3896 1436 3976 quin
1472 3915 1584 3962 omnes
1621 3895 1656 3960 in
1689 3892 1835 3960 ordinem
1872 3904 2047 3978 eoguntur,
2082 3903 2119 3960 ut
2150 3916 2187 3961 se

181 3983 259 4049 dum
281 3994 342 4048 est.
392 3980 581 4047 Tuebantur
617 3981 704 4045 enim
742 3980 904 4063 permulti,
937 3980 1157 4063 simulatque
1208 3981 1337 4064 eorpori
1369 3979 1553 4047 subiioiaut.
1598 3980 1687 4062 Quid
1722 3990 1772 4047 est
1804 3982 1907 4065 igitur
1938 3991 2091 4064 papatus,
2123 3983 2185 4048 nisi

180 4080 354 4152 emergunt
391 4067 442 4132 rel
475 4075 598 4146 seotae,
630 4066 683 4131 vel
717 4065 820 4148 impia
852 4065 961 4150 eliqua
992 4065 1155 4150 dogmata.
1209 4065 1363 4131 deformis
1391 4066 1526 4149 gibbus,
1555 4069 1611 4148 qui
1640 4075 1743 4131 totam
1773 4067 1928 4134 eoelesiae
1959 4069 2184 4151 symmetriam

180 4155 282 4238 Atqui
313 4173 374 4219 neo
398 4150 501 4219 Satan
524 4153 688 4235 quiesoere
710 4161 819 4234 potest
839 4153 918 4235 quin
949 4172 1077 4234 semper
1099 4172 1155 4234 pu·
1207 4151 1386 4230 oont'uudit,
1419 4150 1498 4215 dum
1533 4170 1618 4218 unus
1646 4152 1745 4216 homo
1771 4154 1869 4234 ospiti
1898 4174 1933 4218 se
1959 4173 2134 4237 opponens,
2165 4173 2184 4218 ι

182 4261 251 4306 ram
274 4237 401 4306 Christi
424 4237 605 4304 doctrinam
628 4247 765 4305 conetur
794 4244 956 4304 attentet
983 4237 1156 4304 obscurare
1207 4238 1425 4303 membrorum
1459 4258 1597 4304 numero
1629 4257 1666 4303 se
1695 4236 1832 4303 eximit?
1877 4238 1949 4303 Hae
1978 4250 2100 4323 negem
2129 4259 2184 4323 pa·

179 4328 246 4394 suis
279 4323 474 4392 mendaoiis:
505 4333 538 4388 et
559 4322 663 4390 Deus'
686 4322 784 4389 fidem
807 4332 950 4390 nostram
982 4323 1032 4389 bis
1054 4332 1156 4391 eerta·
1206 4324 1328 4406 pistae:
1350 4324 1426 4406 quia
1443 4342 1561 4406 papam
1581 4324 1743 4389 duntaxat
1765 4322 1978 4389 ministeriale
1998 4333 2095 4408 eaput
2112 4346 2184 4392 esse

178 4413 323 4478 minibus
346 4411 419 4476 vult
442 4411 583 4494 probari.
627 4407 755 4474 Deinde
773 4429 872 4492 quum
895 4409 1045 4475 audimus
1066 4409 1154 4474 istud
1206 4410 1346 4492 fingunt.
1377 4408 1442 4475 Sed
1466 4410 1521 4474 illo
1544 4410 1661 4475 oevillo
1683 4431 1751 4474 non
1774 4409 1947 4493 effugiunt,
1969 4412 2048 4494 quin
2071 4421 2182 4477 tamen

179 4519 250 4564 asse
281 4496 441 4581 optimum
477 4503 512 4561 et
543 4496 844 4579 praesentissimum
883 4495 1079 4577 remedium,
1112 4515 1154 4559 ne
1207 4493 1283 4560 idoli
1305 4495 1356 4561 sui
1380 4495 1530 4580 tyrannis
1555 4496 1599 4560 sit
1620 4516 1754 4578 prorsus
1776 4493 1880 4560 ordini
1904 4495 2051 4576 adverse,
2083 4516 2181 4580 quem

178 4583 473 4651 aireunveniamnr
495 4581 570 4647 ullis
591 4581 765 4660 erroribus,
788 4600 951 4663 opponere
973 4580 1153 4647 doctrinam
1206 4580 1330 4646 Paulus
1360 4579 1414 4646 hio
1441 4580 1658 4647 sommendat.
1702 4579 1849 4658 Summa,
1881 4579 2050 4647 Christum
2079 4601 2180 4647 unum

179 4670 282 4754 illam,
315 4686 412 4751 quam
447 4665 622 4734 aOhristo
655 4679 687 4733 ιι
709 4666 864 4751 apostolis
897 4666 1082 4734 didicimus:
1116 4685 1154 4733 ea
1205 4686 1350 4733 oreseere
1370 4675 1505 4750 oportet,
1530 4687 1643 4735 omnes
1665 4677 1774 4733 eutem
1797 4667 1911 4745 minui,
1933 4680 1969 4732 ut
1986 4666 2072 4732 ¹bene
2093 4688 2181 4733 eom·

178 4777 258 4822 vero
290 4775 354 4821 non
390 4753 538 4837 vulgaris
571 4752 748 4819 oonsolatio
781 4762 840 4819 est
889 4751 986 4819 Unde
1018 4758 1155 4836 apparet
1205 4752 1312 4837 posite
1341 4754 1382 4818 sit
1411 4753 1556 4819 eoelesis.
1601 4752 1767 4838 Quidquid
1797 4762 1907 4818 autem
1939 4753 2109 4837 augmenti
2132 4773 2182 4819 ao·

178 4851 304 4925 quanta
335 4840 380 4908 sit
409 4849 548 4923 papatus
580 4849 613 4904 et
641 4859 737 4921 quam
762 4837 960 4904 exsecranda
993 4840 1153 4922 impietus,
1200 4839 1379 4920 ,quirinus
1412 4859 1451 4904 ea
1481 4841 1688 4924 proportione
1719 4838 1899 4904 modilieari
1933 4838 2041 4918 debet,
2077 4847 2114 4904 nt
2145 4841 2181 4903 in

179 4929 235 4994 ubi
267 4946 398 4993 omnem
432 4924 531 4991 verbo
558 4924 620 4990 Dei
655 4924 883 4992 eertitudinem
916 4924 1087 5010 abrogant,
1121 4935 1155 4990 et
1228 4922 1311 4989 redu
1334 4933 1447 4990 nostro
1465 4935 1647 5004 manentes,
1669 4922 1853 4993 extollendo
1871 4925 1969 5008 ospiti
1988 4925 2178 4992 serviamus

179 5014 277 5079 aliam
305 5013 381 5080 fidei
411 5011 627 5078 constantiam
662 5033 734 5077 esse
764 5020 896 5097 negant,
929 5031 1026 5094 quam
1056 5013 1085 5077 si
1113 5011 1154 5077 ab
1205 4946 1318 5091 zeum
1351 5020 1461 5077 autem
1494 5012 1585 5080 iubat
1616 5032 1677 5078 nos
1704 5011 1837 5076 ιιιίιιιι
1870 5031 2000 5096 operam
2033 5011 2112 5078 dare
2143 5011 2179 5075 in

179 5099 346 5167 hominum
373 5099 547 5164 autoritate
570 5096 777 5183 pendeamus.
822 5096 907 5163 Nam
936 5098 1057 5181 siquis
1080 5095 1155 5161 hae·
1206 5098 1349 5177 sanitate,
1376 5098 1568 5180 particulam
1597 5099 1648 5177 in,
1678 5118 1767 5163 more
1788 5096 1950 5177 hebruino,
1981 5098 2096 5180 aeoipit
2120 5117 2179 5180 pro

180 5187 266 5265 nitet,
299 5183 422 5251 trustra
442 5181 580 5251 verbum
599 5183 661 5249 Dei
690 5183 815 5251 oonsuli
845 5183 979 5250 dooent:
1012 5181 1069 5249 sed
1099 5183 1154 5247 de·
1206 5203 1291 5249 eum.
1345 5182 1419 5247 Non
1448 5184 1536 5250 enim
1559 5184 1630 5251 vult
1658 5183 1804 5267 singulos
1832 5182 1896 5250 sibi
1925 5183 2069 5250 addiotos
2097 5203 2179 5262 esse,

180 5272 277 5339 oretis
310 5271 379 5338 suis
410 5269 567 5337 eundum
599 5289 679 5336 esse.
724 5269 793 5337 Nes
825 5290 903 5336 vero
936 5269 1051 5355 legem,
1084 5289 1156 5352 pro-
1207 5267 1264 5336 sed
1287 5269 1434 5336 veritatis
1467 5269 1575 5336 studio
1602 5268 1779 5354 adiungere
1808 5270 1905 5337 etiam
1931 5275 2067 5336 mutuas
2093 5289 2178 5336 eom·
