4740 6016
95 382 158 450 teu
997 376 1149 447 OdPU'l*
1170 377 1198 444 I.
1254 377 1266 422 ’ἶ
2035 383 2100 451 406

94 578 217 644 veritas
239 583 298 642 cst.
337 572 445 641 Galat.
463 573 493 650 3,
511 575 540 652 1,
563 572 645 654 Quis
668 592 734 639 ros⁴
749 572 921 640 fascinavit
943 582 981 637 ut
1002 593 1067 638 non
1122 573 1218 639 aliter
1250 573 1372 639 sentire
1405 593 1516 659 cogor:
1551 594 1667 658 nempe
1700 576 1784 659 quod
1816 585 1837 641 a
1867 577 1979 644 multis
2008 588 2099 648 retro

95 660 254 729 obediatis
277 658 431 727 veritati?
476 658 643 727 Colosscn.
668 659 696 740 1,
718 657 749 739 5,
772 657 895 724 Audito
917 677 1069 724 sermone
1122 657 1262 726 saeculis
1294 658 1363 726 rita
1399 668 1531 725 aeterna
1568 659 1754 727 hominibus
1790 662 1952 745 promissa
1983 664 2098 732 fuant:

95 747 255 828 veritatis,
285 745 455 831 evaugelio
478 744 537 811 filii
562 743 635 810 Dei.
681 745 710 810 1.
733 743 852 810 Timot.
874 744 905 825 2,
926 743 958 826 4,
987 742 1070 808 Vult
1123 765 1227 827 nsque
1256 744 1296 810 iis
1325 743 1421 811 modo
1443 746 1499 828 qui
1522 755 1601 811 tunc
1624 746 1787 827 virebant,
1814 748 1928 814 sedin
1951 757 2097 818 nostram

96 855 209 900 omues
230 831 271 898 cd
294 831 492 914 agnitionem
516 830 662 897 ueritatis
683 829 868 914 pervenire.
906 829 950 895 Et
966 828 999 911 3,
1018 829 1070 907 lb,
1123 849 1250 915 quoque
1271 839 1419 897 aetatem.
1456 830 1570 915 Neque
1592 831 1681 898 euim
1703 833 1764 898 soli
1780 832 1935 901 Abrahae
1956 837 2100 902 consulit

95 921 243 990 Ecclesia
259 918 413 986 columna
429 926 480 984 est
498 926 531 983 et
548 916 790 982 firmamentum
808 916 963 982 ueritatis.
989 915 1071 982 Bre·
1125 916 1227 994 Deus,
1249 935 1348 999 quum
1364 916 1442 984 dicit
1462 915 1715 1005 (Gon.22,18):
1737 920 1778 985 In
1794 920 1919 986 semine
1931 928 1988 987 tuo
2003 920 2098 990 bene·

94 1010 183 1077 viter
205 1005 326 1073 veritas
351 1004 416 1070 ista
444 1013 532 1070 recta
553 1010 604 1067 est
626 1022 664 1068 ac
685 1003 811 1068 sincera
831 1001 894 1067 Dei
917 1001 1071 1085 cognitio,
1124 1001 1274 1068 dicentur
1295 1022 1408 1069 omnes
1430 1011 1553 1086 gentes,
1575 1002 1631 1069 sed
1654 1013 1799 1088 posteros
1821 1025 1933 1073 omnes
1955 1008 2098 1091 respicit.

95 1114 180 1177 quae
201 1113 261 1158 nos
283 1091 324 1156 ab
346 1089 436 1155 omni
459 1108 568 1154 errore
587 1086 818 1172 mendacioque
831 1086 958 1154 liberat.
995 1086 1071 1168 Quo
1124 1087 1194 1154 Neo
1225 1088 1333 1154 obstat
1363 1086 1448 1172 quod
1481 1088 1645 1154 secundae
1677 1089 1717 1155 ad
1751 1090 1960 1158 Timotheum
1993 1094 2099 1178 primo

95 1181 218 1246 maiore
241 1176 327 1260 apud
349 1195 408 1241 nos
430 1174 465 1239 in
489 1174 593 1258 pretio
616 1194 687 1240 esse
703 1173 814 1240 debet:
838 1172 968 1256 quaudo
987 1171 1070 1238 nihil
1123 1173 1230 1256 capite
1266 1173 1375 1240 datam
1412 1173 1511 1240 fuisse
1546 1175 1686 1241 salutem
1724 1175 1803 1242 dicit
1838 1182 1915 1243 aute
1951 1188 2100 1264 tempora

95 1265 249 1332 miserius
270 1269 319 1328 est
341 1280 438 1345 quam
461 1266 531 1325 tota
548 1259 619 1327 rita
639 1260 745 1325 instar
766 1259 928 1343 pecudum
949 1279 1069 1326 errare.
1124 1258 1313 1338 saecularia,
1334 1259 1466 1326 diverso
1488 1279 1597 1326 sensu.
1635 1260 1760 1327 Eadem
1779 1263 1865 1328 enim
1884 1264 2099 1332 nihilominus

95 1349 193 1432 Quod
210 1349 368 1432 sequitur,
391 1345 618 1412 secundum
641 1345 863 1429 pietatem,
885 1344 1070 1420 veritatem,
1124 1353 1175 1411 est
1190 1345 1280 1411 verbi
1302 1345 1496 1430 significatio
1518 1352 1661 1428 utroque
1678 1347 1758 1415 loeo.
1795 1347 1880 1414 Nam
1903 1370 2003 1434 quum
2018 1351 2098 1418 uldra

96 1436 136 1502 de
158 1455 221 1520 qua
241 1435 396 1518 loquutus
418 1432 534 1510 luerat,
558 1430 741 1513 specialiter
761 1431 945 1515 restringit:
972 1430 1071 1496 simul
1125 1429 1262 1498 Graecis
1294 1431 1448 1497 continua
1480 1431 1522 1498 sit
1549 1432 1705 1517 temporis
1732 1433 1833 1500 series
1862 1435 1903 1502 ab
1932 1435 2026 1502 initio
2058 1434 2099 1504 ad

94 1521 207 1587 tamen
240 1541 261 1584 a
292 1519 401 1585 lruotu
431 1517 483 1583 vel
514 1537 534 1583 a
561 1517 627 1582 line
655 1517 861 1584 commendat
889 1516 1071 1582 doctrinam
1124 1517 1224 1582 finum
1247 1537 1350 1600 usque
1371 1516 1495 1595 mundi,
1525 1516 1593 1584 illio
1615 1519 1739 1585 Paulus
1761 1519 1870 1585 datam
1894 1519 1946 1587 rel
1967 1522 2098 1589 ordina-

94 1607 208 1675 Pauli:
243 1605 319 1688 quia
352 1624 416 1670 non
450 1602 513 1668 alio
545 1611 670 1686 spectet
697 1622 795 1686 quam
824 1613 861 1668 ut
890 1603 952 1668 rite
981 1601 1072 1668 Deus
1125 1610 1195 1668 tam
1228 1601 1330 1669 fuisse
1362 1601 1502 1668 salutum
1536 1604 1647 1670 electis
1680 1604 1743 1671 Dei
1777 1605 1890 1686 tradit,
1923 1614 2096 1692 antequem

95 1694 232 1773 colatur,
255 1710 401 1775 puraque
423 1690 534 1775 rigeat
554 1689 642 1754 inter
664 1687 814 1754 homines
835 1687 960 1773 religio.
998 1686 1072 1769 Quo
1124 1690 1228 1754 fluere
1256 1688 1424 1773 coeperint
1452 1698 1607 1773 tempora
1651 1689 1717 1757 Hic
1739 1710 1818 1757 raro
1848 1691 1926 1775 quia
1955 1691 1995 1757 de
2024 1714 2098 1777 pro·

94 1800 188 1845 suam
215 1777 396 1843 doctrinam
419 1773 461 1841 ab
482 1775 572 1840 omni
595 1774 752 1857 profanae
773 1775 973 1840 curiositatis
994 1782 1073 1840 nota
1125 1775 1277 1842 missione
1307 1779 1435 1852 tractat,
1465 1795 1531 1840 non
1560 1775 1671 1842 omnia
1691 1777 1822 1843 saecula
1843 1779 2099 1864 comprehendit,

94 1864 258 1931 vendicat.
313 1861 421 1927 Sicuti
453 1861 530 1926 Act.
556 1860 609 1940 24,
647 1859 698 1944 10,
735 1879 843 1926 coram
875 1859 1002 1926 Felice:
1040 1871 1073 1924 et
1125 1869 1164 1926 ut
1192 1881 1251 1927 uos
1276 1860 1415 1926 abducat
1434 1869 1529 1925 extra
1549 1861 1664 1927 mundi
1686 1863 1899 1928 creationem:
1929 1864 1986 1930 sed
2008 1863 2101 1932 docet

98 1949 217 2015 deinde
249 1966 357 2013 coram
387 1947 537 2031 Agrippa
569 1947 658 2027 tacit,
690 1946 796 2029 capitu
824 1946 877 2025 26,
908 1947 937 2013 1.
987 1946 1072 2011 Nam
1125 1946 1230 2012 multa
1259 1947 1389 2013 saecula
1418 1948 1623 2030 praeteriisse
1654 1968 1695 2013 cx
1724 1968 1789 2032 quo
1818 1948 1908 2015 salus
1937 1949 1998 2016 luit
2026 1972 2101 2034 pro·

96 2057 197 2120 quum
227 2034 344 2101 merito
374 2034 436 2118 piis
465 2040 636 2115 suspectae
663 2031 811 2115 adeoque
849 2032 978 2098 odiosae
1003 2052 1073 2099 esse
1125 2033 1234 2098 missu.
1280 2031 1318 2098 Si
1340 2033 1414 2115 quis
1437 2032 1569 2098 brevius
1591 2033 1694 2116 malit,
1723 2034 1967 2100 saecularia
1997 2046 2099 2103 tem·

98 2123 237 2189 debeant
272 2139 495 2204 supervacuae
531 2139 645 2184 omnes
681 2119 885 2202 quaestiones
938 2138 999 2184 uae
1032 2118 1072 2183 ad
1125 2137 1226 2202 pora
1248 2137 1308 2201 pro
1329 2118 1466 2185 saeculis
1488 2117 1567 2202 ipsis
1582 2119 1728 2202 accipere
1740 2118 1827 2185 liost.
1865 2119 1931 2187 Sed
1947 2122 2098 2205 quoniam

97 2207 356 2275 aedificationem
386 2226 451 2271 uon
481 2205 621 2270 iaciunt:
651 2203 733 2271 haec
762 2204 831 2270 sola
856 2213 906 2269 est
917 2139 1075 2288 (legitima
1126 2204 1217 2287 prius
1245 2212 1380 2269 aeterua
1409 2203 1472 2268 Dei
1503 2204 1660 2270 eloctione
1690 2205 1766 2270 data
1795 2206 1855 2270 luit
1884 2206 1973 2272 salue
2001 2228 2099 2290 quam

98 2295 264 2360 doctrinae
300 2290 554 2372 commendatio,
591 2287 676 2373 quod
713 2289 754 2355 ad
791 2291 1008 2356 reuerentiam
1042 2300 1074 2355 at
1124 2289 1300 2372 promissa:
1323 2289 1396 2354 ideo
1418 2290 1453 2354 in
1476 2288 1544 2355 looo
1565 2289 1622 2354 illo
1644 2291 1799 2373 epistolae
1821 2291 1861 2356 ad
1890 2290 2099 2359 (timotheum

97 2382 250 2446 timorem
266 2377 330 2444 Dei
352 2396 413 2443 nos
431 2376 592 2442 instituat.
629 2379 739 2459 Atque
755 2375 833 2441 hino
848 2377 948 2440 etiam
964 2396 1073 2441 mone·
1126 2377 1216 2458 prior
1254 2375 1405 2441 omnibus
1441 2375 1580 2441 saeculis
1611 2374 1743 2442 donatio
1776 2377 1951 2443 statuitur:
1987 2389 2020 2443 ct
2053 2380 2099 2444 ita

98 2486 183 2544 mur,
206 2473 243 2530 ut
265 2464 400 2550 quisque
422 2464 457 2528 in
480 2464 601 2546 pietate
617 2462 739 2544 optime
780 2462 901 2540 roleoit,
924 2461 972 2526 ita
991 2463 1074 2544 opti·
1125 2460 1347 2527 subaudienda
1376 2475 1427 2528 est
1456 2470 1535 2526 nota
1562 2461 1765 2530 universalis.
1815 2462 1880 2529 Hic
1910 2482 1986 2528 vero
2016 2464 2099 2529 nihil

98 2573 188 2618 mnm
226 2571 296 2617 esee
330 2549 456 2616 Christi
492 2546 698 2631 discipulum.
754 2483 849 2614 girat
880 2549 909 2613 is
942 2547 1073 2612 demum
1125 2548 1215 2613 aliud
1229 2547 1393 2632 significat
1408 2566 1505 2630 quam
1521 2547 1768 2629 promissionem
1784 2548 1881 2631 longo
1896 2548 2098 2615 saeculorum

97 2658 197 2704 verus
223 2635 396 2720 theologus
418 2634 600 2700 censendus
629 2645 689 2712 est,
717 2635 773 2715 qui
803 2632 838 2697 in
868 2635 986 2699 timore
1008 2632 1073 2698 Dei
1125 2632 1239 2699 ordine
1276 2633 1496 2716 antiquiorum
1533 2652 1617 2698 osse:
1656 2635 1732 2716 quia
1767 2636 1878 2699 atatim
1916 2655 1936 2700 a
1968 2635 2099 2701 condito

96 2722 314 2790 conscientias
337 2720 496 2787 aedificat.
540 2719 636 2801 Quod
659 2717 760 2797 addit,
789 2719 830 2784 iu
860 2740 931 2803 spe
960 2720 1073 2786 ritae
1125 2719 1245 2785 mundo
1274 2721 1390 2804 coepit.
1433 2716 1558 2783 Eodem
1585 2738 1683 2784 sensu
1715 2718 1875 2786 adRom.
1898 2720 2099 2805 capite1,2

99 2820 314 2886 aeternae,
337 2828 403 2873 non
424 2805 558 2872 dubium
582 2816 633 2871 est
653 2806 732 2887 quin
754 2825 885 2871 causam
909 2815 1014 2871 notat:
1040 2805 1072 2871 id
1095 2837 1100 2909 Ι
1124 2805 1342 2889 evangelium,
1353 2803 1439 2887 qnod
1451 2806 1606 2870 suscitato
1622 2803 1752 2870 demum
1765 2825 1807 2871 ex
1820 2807 1956 2872 mortuis
1968 2806 2100 2873 Christo

97 2894 185 2959 enim
215 2891 353 2960 Graecis
381 2890 545 2976 significat
573 2890 633 2956 sot
684 2891 764 2957 Ideo
793 2896 924 2958 vertare
950 2891 1071 2970 licebit,
1125 2890 1281 2975 publicari
1310 2890 1430 2967 debuit,
1461 2889 1656 2973 promissum
1685 2889 1721 2955 in
1750 2892 1920 2975 scripturis
1943 2912 2002 2976 per
2022 2914 2099 2979 pro·

96 2989 231 3064 propter
259 2999 360 3061 spem,
390 2984 448 3043 aut
475 2996 574 3060 super
601 2998 667 3061 spe.
712 2976 798 3042 Nam
820 2998 840 3043 a
861 2978 1073 3044 meditatione
1125 2977 1241 3062 phetas
1270 2976 1369 3042 luisse
1398 2977 1501 3043 docet.
1552 2976 1735 3041 Plurimum
1765 2976 1853 3041 enim
1884 2997 1904 3043 a
1933 2980 2100 3061 praesenti

97 3065 186 3151 ritae
217 3064 367 3131 coelestis
399 3062 516 3146 incipit
547 3072 581 3128 et
611 3082 689 3128 vera
720 3062 844 3147 religio,
877 3073 910 3130 et
942 3065 1073 3149 pietatis
1125 3065 1250 3149 gratiae
1280 3061 1482 3129 exhibitione
1511 3061 1621 3127 differt
1650 3060 1796 3145 patribus
1819 3062 1903 3130 lacta
1925 3062 2003 3130 olim
2026 3085 2099 3147 pro·

97 3150 258 3216 studium:
295 3149 392 3217 sicuti
426 3149 666 3215 Colossensium
704 3147 801 3214 fidem
837 3160 871 3214 et
902 3152 1071 3216 caritatem
1125 3150 1248 3215 missio.

96 3233 245 3320 laudans,
260 3256 373 3302 earum
389 3253 521 3301 oausam
536 3242 570 3299 et
584 3233 837 3300 fundamentum
852 3237 968 3301 statuit
982 3257 1073 3320 spem
1215 3235 1278 3318 Qui
1297 3234 1625 3317 mortuomari.
1661 3232 1854 3317 Epithctnm
1873 3232 2017 3319 ἀψευδὴς
2034 3247 2123 3301 non·

96 3323 130 3389 in
157 3321 256 3389 coelis
278 3322 452 3406 repositam
474 3319 615 3406 (Ooloss.
640 3319 734 3407 1,5).
777 3319 964 3388 Sadducaei
985 3323 1074 3388 enim
1124 3328 1192 3388 tam
1215 3321 1362 3388 ornando
1384 3318 1456 3385 Deo
1477 3338 1576 3403 qnam
1598 3318 1675 3384 fidei
1707 3328 1837 3386 nostrae
1857 3320 2100 3388 confirmandae

97 3418 131 3473 et
166 3409 224 3492 qui
259 3428 351 3493 spem
388 3416 532 3474 nostram
569 3407 604 3472 in
641 3406 702 3473 hoo
735 3407 858 3473 mundo
891 3408 1075 3488 includunt,
1124 3408 1273 3473 ‘additum
1305 3418 1364 3473 est.
1420 3406 1465 3472 Et
1497 3415 1585 3471 certe
1617 3407 1744 3488 quoties
1777 3403 1817 3472 de
1848 3404 1954 3474 salute
1988 3417 2101 3472 nostra

97 3492 256 3642 gridquid
277 3494 442 3572 simulent,
464 3493 550 3595 nihil
572 3496 712 3594 possunt
733 3514 831 3575 quam
846 3499 1072 3596 contemptum
1126 3497 1243 3578 agitur,
1273 3492 1366 3559 nobis
1395 3493 1430 3558 in
1460 3499 1603 3592 montem
1633 3492 1744 3590 venire
1774 3489 1877 3587 debet,
1908 3492 1977 3558 eius
1997 3494 2100 3594 ¹verbu

132 3599 161 3644 er
184 3578 347 3656 inducere,
370 3580 448 3644 dum
464 3579 614 3644 hommes
629 3600 664 3643 ιο
679 3578 838 3662 pecudum
854 3579 1074 3647 condrtronem
1124 3580 1296 3646 fundatam
1324 3599 1405 3658 esee,
1434 3599 1490 3662 qur
1518 3597 1578 3643 neo
1606 3576 1719 3642 fallere
1747 3581 1853 3660 potest
1874 3597 1936 3644 nec
1957 3589 2099 3647 mentm.

97 3671 290 3748 aggregant.
332 3664 476 3730 Proinde
505 3664 589 3730 bono
619 3663 742 3731 doctori
765 3663 827 3731 hoo
847 3686 977 3750 semper
998 3685 1073 3750 pro·
1124 3665 1198 3732 Imo
1230 3664 1311 3731 haec
1343 3665 1447 3731 unica
1471 3673 1521 3729 est
1551 3662 1660 3728 totius
1677 3661 1844 3747 religionis
1872 3666 2099 3748 comprobatio,

97 3751 241 3832 positum
275 3769 346 3815 esse
367 3748 475 3830 debet,
500 3760 536 3814 ut
558 3749 709 3816 hominus
731 3772 750 3815 ο
771 3752 894 3817 mundo
917 3751 1073 3819 abductos
1124 3749 1337 3817 immutabilis
1359 3750 1424 3816 Dei
1446 3748 1577 3815 veritas.

97 3837 133 3901 in
163 3835 244 3902 coeli
275 3835 464 3917 adspectum
487 3843 666 3901 convertat.
711 3835 834 3901 Fateor
856 3837 987 3922 quidem
1009 3836 1073 3903 Dei
1133 3856 1134 3859 ’
1212 3837 1244 3903 3.
1266 3835 1486 3918 Manifestuut't
1512 3837 1625 3900 audem
1669 3833 1753 3899 llrat
1781 3834 1909 3919 quidem
1930 3835 1996 3901 iam
2019 3835 2100 3902 haec

98 3921 236 4006 gloriam
273 3921 366 3987 uobis
401 3920 507 4004 pluris
542 3939 612 3986 esse
649 3921 766 3987 debere
802 3941 901 4004 quam
934 3923 1072 3988 salutem
1126 3924 1235 4008 aliqua
1256 3921 1482 3998 manifestatio,
1505 3941 1605 4002 quum
1628 3919 1707 3985 olim
1730 3918 1822 3986 Deus
1843 3939 1903 4004 por
1923 3918 2101 4004 prophetas

97 4017 256 4074 nostrum.
301 4006 427 4071 Verum
456 4005 517 4071 hoo
547 4004 680 4072 minime
703 4026 790 4073 nuno
811 4009 931 4091 agitur,
961 4015 1073 4074 utrum
1125 4029 1202 4076 suos
1223 4008 1377 4092 loquutus
1398 4014 1465 4073 est:
1488 4004 1545 4071 sed
1568 4006 1644 4089 quia
1665 4004 1773 4092 palam
1796 4004 1941 4072 adventu
1962 4024 2021 4072 suo
2043 4028 2100 4073 ex-

97 4087 265 4178 dignitatis
287 4091 400 4158 ordine
423 4090 604 4175 praecedat.
641 4092 785 4158 (dantum
803 4091 883 4174 dioc,
906 4113 1074 4177 nunquam
1126 4094 1234 4162 hibuit
1245 4093 1410 4171 Christus,
1426 4112 1509 4176 quae
1519 4090 1568 4156 illi
1578 4092 1713 4159 obscure
1725 4092 1969 4175 praedixerant:
1986 4092 2103 4175 deinde

96 4170 247 4244 homines
264 4199 343 4244 vere
357 4177 467 4244 Deum
485 4197 650 4261 quaerere,
672 4177 737 4244 nisi
752 4178 793 4244 ad
809 4198 884 4244 eum
899 4180 1074 4263 pervenire
1126 4190 1242 4267 gentes
1269 4180 1304 4245 in
1332 4177 1474 4244 foederis
1502 4176 1689 4244 societatem
1719 4179 1837 4244 mettas
1859 4178 2010 4243 luerunt:
2040 4177 2103 4246 hoc

97 4262 281 4329 confidunt:
310 4263 446 4348 ideoque
475 4262 516 4328 ad
545 4265 698 4345 pietatem
728 4284 897 4347 uunquam
926 4265 1073 4332 animum
1125 4287 1224 4333 sensu
1253 4285 1341 4332 nunc
1370 4265 1613 4331 manifestatum
1643 4284 1714 4330 usse
1743 4263 1822 4330 dicit
1850 4263 1983 4347 Paulus,
2016 4263 2103 4346 quod

96 4349 245 4434 adiicere,
268 4350 331 4414 nisi
353 4349 394 4415 de
415 4371 472 4433 spe
493 4350 642 4417 coelestis
665 4351 752 4416 vitae
773 4350 913 4417 edoctos.
1125 4353 1217 4438 prius
1239 4361 1350 4417 temen
1366 4348 1475 4434 aliqua
1489 4369 1531 4415 ex
1547 4358 1639 4432 parte
1653 4357 1821 4415 ostensum
1837 4348 1952 4414 luerat.
1990 4349 2101 4414 Tem·

181 4434 213 4500 2.
240 4434 341 4518 Qum
360 4435 512 4516 proruet
535 4433 634 4501 Decea.
678 4435 844 4517 Quoniam
865 4436 1073 4522 Augustinus
1126 4457 1222 4520 pora
1243 4437 1404 4521 propria
1425 4436 1512 4502 idum
1533 4434 1588 4502 hio
1609 4435 1804 4519 significant,
1827 4435 1912 4517 quod
1929 4434 1970 4500 ad
1989 4434 2101 4502 Galat.

95 4531 229 4586 aeterna
250 4542 309 4605 pro
332 4518 551 4586 saecularibus
574 4530 720 4605 tempora
743 4521 796 4588 hio
820 4521 960 4607 legebat,
990 4523 1073 4588 mul·
1124 4523 1156 4602 4,
1189 4523 1212 4588 4
1246 4522 1416 4606 plenitudo
1450 4531 1644 4605 temporum.
1713 4519 1880 4585 Admouet
1915 4522 2003 4586 enim
2040 4521 2101 4588 hoo

95 4617 165 4672 tum
188 4628 222 4673 sc
246 4618 374 4691 torquet
395 4606 429 4670 in
453 4615 636 4690 temporum
660 4607 871 4674 aeternitate:
900 4608 965 4674 nisi
986 4610 1071 4692 quod
1124 4610 1269 4674 maxime
1298 4617 1518 4692 opportunum
1547 4606 1666 4692 agendi
1694 4605 1793 4671 luisse
1814 4614 1965 4689 tempus,
1997 4628 2100 4691 quum

96 4701 230 4759 aeterna
251 4691 384 4758 tandem
411 4693 554 4775 exponit,
585 4712 670 4776 quae
690 4714 821 4759 omnem
844 4693 1072 4778 antiquitatum
1124 4693 1267 4761 Domino
1297 4714 1395 4778 agere
1424 4692 1559 4777 placuit:
1590 4702 1628 4757 ut
1655 4690 1826 4757 hominum
1849 4694 2025 4758 temeritati
2047 4713 2100 4758 oc·

94 4777 502 4946 hulislaum
518 4779 1072 4933 substitutum:
1123 4781 1328 4949 tlss‘btt:
1348 4799 1476 4931 'llll‘
1496 4776 2101 4947 lttlffitd‘lltul:tutti

94 4948 248 5014 statuerit
275 4948 415 5015 salutem
437 4948 525 5034 dare,
553 4970 652 5035 quum
673 4971 761 5017 nunc
782 4971 841 5034 per
863 4951 1070 5035 evangelium
1122 4951 1258 5018 modum
1281 4951 1386 5017 simus
1406 4949 1535 5031 curiosi,
1557 4958 1705 5034 tempora
1726 4949 1761 5012 in
1784 4970 1883 5015 manu
1902 4948 2100 5037 arbitrioque

93 5035 326 5102 manifestarit.
376 5035 429 5101 Ita
462 5036 671 5120 promittendi
701 5036 800 5103 verbo
833 5036 953 5103 abusus
985 5044 1071 5104 esset
1123 5036 1187 5103 Dei
1216 5039 1263 5104 sic
1291 5040 1398 5122 posita
1428 5057 1499 5103 esse
1529 5035 1632 5115 docet,
1661 5047 1699 5100 ut
1728 5034 1811 5099 nihil
1840 5056 1904 5101 uon
1926 5032 2040 5101 ordine
2061 5056 2099 5101 ac

94 5118 218 5187 Paulus
240 5141 300 5205 pro
318 5121 508 5188 decernere:
531 5122 561 5187 si
575 5122 706 5206 quidem
721 5129 797 5188 ante
812 5119 960 5190 homines
975 5133 1070 5189 natos
1123 5123 1316 5207 tempestive
1338 5143 1435 5208 agere
1457 5121 1638 5189 censendus
1659 5120 1710 5186 sit.

93 5226 190 5272 nemo
219 5217 289 5274 erut
317 5209 368 5274 cui
396 5207 613 5293 promitteret
657 5209 729 5294 Ego
756 5208 850 5275 sicuti
872 5229 938 5274 nou
960 5208 1070 5275 reiicio
1209 5206 1388 5276 &moneo
1418 5227 1521 5275 mum.
1572 5205 1637 5273 Vel
1668 5204 1891 5272 subaudienda
1923 5214 1974 5274 est
2006 5226 2098 5290 prae·

94 5289 180 5361 hanc
195 5292 441 5379 expositionem,
459 5294 515 5375 ita,
534 5294 613 5360 dum
629 5295 740 5361 omnia
756 5293 893 5379 propius
910 5294 1070 5380 expendo,
1122 5295 1241 5380 positio
1263 5314 1322 5379 por
1343 5293 1443 5381 (quod
1461 5292 1582 5362 Graeci
1600 5312 1681 5361 snon
1700 5299 1750 5360 est
1769 5291 1938 5378 insoleus),
1960 5293 2012 5362 rel
2032 5313 2100 5360 ser*

1842 5409 1893 5466 260
