4762 6016
192 376 255 443 301
1078 375 1230 443 CAPUT
1252 374 1312 441 IV.
2136 374 2200 441 302

195 570 368 647 iustitiam,
386 578 424 633 ut
441 569 550 652 potius
567 588 605 634 ea
623 567 667 633 ait
680 569 768 634 iusta
782 567 920 632 materia
935 566 1171 651 gratulationis.
1225 586 1306 648 quae
1329 586 1407 630 vera
1428 565 1497 629 siut
1518 565 1642 644 decora,
1665 585 1740 629 mox
1764 567 1963 647 praescribit.
2001 568 2073 632 Non
2093 578 2200 633 exter-

196 655 290 721 Adde
319 654 406 738 quod
436 653 631 720 afflictiones
659 661 787 720 nostrae
817 671 891 717 oum
921 673 978 734 spe
1004 652 1040 715 in
1064 651 1172 716 Deum
1225 672 1287 716 nae
1309 651 1433 717 scilicet
1455 650 1576 730 larvae,
1600 659 1638 716 ut
1660 663 1737 716 sunt
1758 651 1870 734 lituus,
1892 653 2025 730 infulae,
2047 653 2199 735 annulus,

196 743 310 808 vivum
339 740 530 807 coniunctae
558 749 650 805 suut:
680 740 747 804 imo
775 759 849 821 spes
872 750 920 804 est
942 738 1034 820 quasi
1057 737 1172 802 funda·
1224 737 1370 819 pallium,
1392 742 1426 801 et
1448 736 1603 802 eiusmodi
1621 738 1770 819 ineptiae,
1795 748 1852 802 aut
1870 757 2042 819 puerorum
2061 759 2200 819 crepun-

196 833 355 891 mentum.
405 824 507 907 Atqui
540 846 578 890 ea
610 844 780 908 nunquam
814 823 992 907 pudefacit:
1025 824 1175 905 sequitur
1226 822 1294 887 dia:
1323 823 1378 887 sed
1403 823 1569 888 doctrinae
1592 821 1712 888 sanitas
1734 829 1768 887 et
1789 824 1946 888 sauctitas
1968 827 2062 889 vitae.
2108 824 2199 890 Ser·

197 931 287 996 ergo,
310 912 370 994 piis
392 910 427 975 in
450 910 540 976 lucro
561 909 747 993 deputanda
769 931 840 976 esse
861 910 981 974 omnia.
1225 929 1337 973 mone
1364 918 1397 973 et
1419 910 1725 974 couversatione
1748 929 1847 992 quum
1871 909 1959 986 dicit,
1982 910 2043 975 hoo
2066 910 2200 992 perinde

287 998 348 1078 Qui
384 1001 525 1062 seruator
560 1001 615 1061 cst.
675 995 827 1062 Secunda
863 996 1055 1077 consolatio,
1092 1015 1174 1076 quae
1226 993 1314 1059 valet
1342 1016 1380 1059 ac
1409 994 1437 1058 si
1466 994 1611 1071 dixisset,
1641 994 1735 1059 dictis
1768 1000 1801 1059 et
1828 995 1930 1073 factis,
1960 996 2103 1077 adeoque
2132 1006 2201 1061 tota

196 1087 309 1148 tamen
336 1103 377 1147 ex
406 1083 514 1165 priore
535 1081 705 1164 dependet.
749 1080 835 1146 Nam
866 1080 1025 1160 liberatio,
1047 1080 1086 1145 de
1109 1099 1175 1161 qua
1226 1081 1304 1145 vita.
1350 1079 1443 1159 Quae
1472 1086 1661 1162 sequuntur,
1690 1090 1802 1163 partes
1830 1091 1907 1145 sunt
1933 1083 2006 1163 piae
2028 1099 2200 1148 conversa·

197 1167 354 1252 loquitur,
384 1178 435 1233 est
463 1168 556 1250 quasi
586 1167 712 1234 fruetus
740 1169 820 1251 spei.
865 1166 962 1246 Quod
991 1176 1027 1230 ut
1054 1166 1175 1231 clarius
1226 1167 1336 1247 tionis,
1364 1167 1528 1245 caritas,
1558 1167 1739 1248 spiritus,
1768 1165 1885 1244 fides,
1913 1168 2089 1234 castitas.
2132 1167 2199 1232 No·

196 1261 319 1337 pateat,
342 1253 511 1319 sciendum
526 1265 576 1318 est
597 1274 668 1320 esse
691 1264 920 1337 argumentum
943 1273 963 1317 a
984 1253 1110 1317 minore
1134 1252 1174 1317 ad
1226 1253 1314 1316 mine
1337 1251 1480 1333 spiritus,
1510 1251 1658 1334 intelligo
1680 1253 1842 1316 fervorem
1865 1252 1927 1317 aeli
1951 1253 2024 1316 Dei.
2068 1252 2105 1318 Si
2129 1254 2200 1334 quis

196 1341 313 1405 maius.
359 1338 444 1403 Nam
469 1347 613 1423 σωτῆρος
636 1359 754 1405 nomen
775 1337 828 1404 hic
850 1353 899 1403 est
921 1338 1083 1422 generale,
1115 1359 1174 1419 pro
1226 1349 1337 1401 tamen
1381 1336 1567 1420 generalius
1604 1337 1696 1401 malit
1736 1339 1896 1419 accipere,
1939 1358 2004 1404 nou
2042 1360 2198 1422 repugno.

197 1444 237 1491 eo
265 1425 322 1507 qui
352 1435 463 1489 tuetur
487 1443 525 1490 ao
553 1431 735 1490 conservat.
781 1423 941 1508 Intelligit
964 1423 1027 1490 Dei
1054 1424 1174 1489 benefi·
1227 1423 1369 1488 Oastitas
1392 1443 1458 1487 non
1481 1431 1609 1486 tuntum
1632 1422 1760 1488 libidini
1782 1426 1966 1505 opponitur,
1996 1425 2052 1489 sed
2077 1424 2200 1507 purita-

197 1512 340 1576 oeutiam
378 1510 419 1576 ad
452 1530 566 1576 omnes
599 1509 747 1575 homiues
779 1513 962 1591 pervenire.
1018 1508 1114 1590 Quod
1148 1509 1175 1574 si
1226 1519 1292 1573 tem
1323 1507 1423 1572 totius
1445 1508 1532 1571 vitae
1560 1508 1732 1591 significat.
1778 1508 1866 1575 Hinc
1896 1510 2050 1575 discimus
2072 1512 2202 1594 ineptos

198 1615 296 1661 nemo
319 1605 368 1662 est
392 1595 590 1678 mortalium,
619 1597 674 1679 qui
704 1615 768 1660 non
798 1595 918 1660 sentiat
939 1595 1004 1661 Dei
1032 1615 1111 1679 erga
1140 1616 1175 1659 se
1226 1613 1297 1659 esse
1320 1604 1352 1657 et
1371 1590 1524 1659 ridiculos
1546 1595 1600 1675 qui
1623 1594 1706 1658 nihil
1729 1595 1863 1660 honoris
1884 1597 1945 1660 sibi
1962 1594 2109 1660 exhiberi
2125 1617 2202 1661 cou-

199 1681 380 1747 bouitatem
404 1682 538 1765 eiusque
560 1684 603 1747 sit
625 1681 796 1764 particeps,
830 1692 953 1763 quanto
975 1681 1079 1765 magia
1101 1700 1173 1745 eam
1226 1689 1419 1761 queruntur,
1448 1698 1548 1760 quum
1576 1679 1658 1743 nihil
1682 1679 1824 1745 habeant
1847 1681 1941 1747 laude
1964 1682 2116 1764 dignum:
2145 1681 2202 1746 sed

198 1769 412 1849 experientur
456 1767 501 1850 pii
545 1768 601 1847 qui
644 1768 678 1831 in
716 1786 791 1831 eum
828 1765 983 1848 sperant?
1053 1767 1173 1831 Annon
1226 1765 1334 1849 potius
1367 1764 1568 1845 contemptui
1599 1784 1634 1828 ae
1668 1776 1836 1847 exponant
1869 1780 1937 1832 tum
1971 1786 2030 1831 sua
2059 1767 2199 1844 inscitia,

197 1853 395 1935 peculiarem
432 1853 578 1934 ipsorum
607 1860 699 1935 geret
726 1872 849 1918 curam.
907 1852 1031 1917 Annon
1070 1852 1174 1915 multo
1226 1865 1295 1916 tum
1325 1850 1453 1932 impuro
1484 1854 1569 1914 vitae
1597 1851 1755 1932 exemplo,
1784 1862 1840 1915 aut
1869 1851 2009 1928 levitate,
2040 1866 2096 1918 aut
2125 1852 2199 1917 eliis

198 1936 368 2004 liberalius
389 1958 425 2004 ee
446 1942 482 2002 iu
505 1958 560 2004 eos
576 1937 744 2003 effundet?
781 1939 834 2002 Au
851 1958 915 2003 non
932 1937 1070 2020 denique
1086 1938 1174 2001 omni
1226 1935 1386 2002 sordibus.
1437 1934 1544 2001 Unica
1571 1938 1657 2001 euim
1692 1936 1771 2002 haec
1802 1941 1854 2002 via
1884 1950 1934 2002 est
1962 1939 2200 2021 comparandae

198 2045 242 2089 ex
264 2030 357 2107 parte
378 2023 488 2088 salvos
510 2023 550 2089 ad
573 2025 671 2089 finem
695 2022 895 2106 praestabit?
1226 2023 1437 2171 revgrentiae,
1459 2023 1487 2086 si
1503 2022 1661 2086 virtutum
1685 2026 1884 2104 praestantia
1901 2046 1961 2090 nos
1977 2049 1996 2091 a
2010 2033 2201 2108 contemptu

1227 2129 1288 2173 ven
1311 2127 1445 2172 suemus.

287 2195 336 2259 ll.
360 2194 514 2276 Praecipe
541 2194 615 2261 baec
643 2200 671 2260 et
695 2196 776 2262 doce.
821 2195 871 2260 12.
896 2195 998 2260 Nemo
1018 2200 1104 2259 tuam
1125 2196 1174 2259 ia·
1313 2192 1364 2256 13.
1382 2191 1488 2258 Donec
1504 2194 1604 2258 oemio.
1641 2193 1786 2259 Noverat
1805 2194 1965 2260 Timothei
1985 2196 2199 2278 diligentiam,

195 2286 349 2347 semaam
370 2281 538 2363 despiciat:
556 2281 612 2346 sed
632 2286 695 2347 esto
711 2280 871 2362 exemplar
896 2280 1039 2360 fidelium
1061 2281 1094 2344 ia
1110 2301 1173 2345 ser·
1225 2289 1258 2344 et
1281 2288 1389 2344 tamen
1411 2278 1459 2343 illi
1481 2279 1687 2344 commendat
1710 2278 1874 2344 assiduam
1892 2283 2072 2363 scripturae
2091 2280 2200 2346 lectio-

191 2384 295 2444 moae,
318 2368 354 2432 ia
375 2367 609 2446 maeersatioac,
633 2368 667 2432 ia
689 2367 827 2449 caritate,
849 2367 885 2432 ia
900 2368 1028 2448 spiritu,
1051 2367 1085 2430 iu
1102 2365 1173 2445 fide,
1225 2386 1310 2429 nem.
1356 2363 1444 2445 Quid
1466 2366 1553 2431 enim
1576 2366 1657 2431 alios
1679 2363 1841 2430 docebunt
1860 2375 2014 2449 pastores,
2045 2368 2111 2432 uisi
2134 2367 2198 2431 dis·

196 2454 235 2518 iu
251 2453 398 2518 castitate.
438 2451 488 2517 13.
506 2452 611 2518 Donec
629 2454 726 2533 uenio,
747 2452 865 2517 stende
883 2451 1013 2535 lectiam,
1035 2450 1174 2517 miserta-
1224 2450 1327 2515 oeudo
1355 2453 1423 2514 sint
1445 2450 1587 2515 intenti?
1633 2449 1727 2531 Quod
1750 2453 1777 2515 si
1801 2462 1912 2517 tantus
1935 2453 1985 2516 vir
2007 2453 2200 2518 admonetur

198 2540 287 2618 tioai,
308 2539 476 2605 doctrinae.
519 2539 570 2602 14.
594 2539 645 2604 Ne
665 2538 788 2614 donam
810 2538 893 2619 quod
912 2539 987 2603 iate
1006 2542 1059 2619 cst,
1080 2537 1174 2620 aepli-
1225 2542 1263 2600 ut
1291 2537 1448 2617 proficere
1477 2537 1514 2600 in
1543 2537 1611 2601 dies
1640 2537 1778 2612 studeat,
1809 2548 1930 2619 quanto
1955 2539 2059 2623 magis
2082 2539 2116 2602 in
2139 2555 2199 2600 uos

197 2644 266 2709 pas,
288 2625 369 2707 quod
390 2625 449 2689 tibi
469 2623 578 2690 ἀαιιιιιι
599 2629 642 2689 est
659 2644 718 2707 per
733 2623 932 2705 prophetiam
952 2642 1023 2687 mm
1044 2622 1172 2703 imposi-
1224 2621 1379 2705 competit
1407 2621 1470 2687 ista
1492 2621 1694 2687 admonitio?
1739 2622 1809 2687 Vae
1832 2624 1933 2706 igitur
1955 2644 2069 2689 eorum
2091 2644 2198 2688 sooor·

198 2711 281 2776 tioac
301 2729 455 2776 massam
469 2710 663 2794 presbyterii.
700 2709 750 2776 15.
766 2708 854 2773 Haec
871 2728 957 2789 mma,
979 2710 1014 2774 ia
1030 2706 1081 2771 bic
1098 2712 1174 2774 esto:
1225 2707 1307 2788 diae,
1343 2707 1397 2789 qui
1434 2708 1568 2790 spiritus
1604 2710 1733 2774 oracula
1762 2731 1828 2774 non
1860 2710 2034 2776 revolvunt
2067 2708 2143 2774 dies>
2168 2716 2200 2773 et

198 2800 234 2860 cr
249 2796 409 2879 prosedas
429 2799 504 2861 mus
524 2797 561 2861 ia
581 2794 723 2861 omaidsts
743 2794 930 2876 ascaifestac
945 2794 1011 2876 fiat.
1050 2793 1101 2858 16.
1117 2794 1174 2858 At·
1226 2807 1347 2871 noctes,
1376 2798 1413 2856 ut
1441 2794 1516 2858 inde
1546 2795 1751 2859 instruantur
1780 2795 1820 2859 ad
1847 2815 1967 2861 munus
1987 2816 2083 2860 suum
2106 2815 2199 2861 exer·

199 2880 287 2945 made
307 2880 363 2946 tibi
385 2880 450 2962 ipsi
471 2885 501 2945 at
519 2882 693 2947 doctmm:
709 2900 861 2963 peratum
881 2881 917 2945 ia
934 2879 999 2946 bis:
1020 2878 1075 2945 boc
1091 2880 1174 2944 caim
1225 2878 1375 2944 cendum.
1414 2878 1545 2944 Pondus
1565 2881 1660 2946 etiam
1681 2881 1770 2946 addit
1790 2881 2023 2947 circumstantia
2043 2882 2199 2963 temporis.

199 2966 231 3031 si
249 2965 371 3048 feceris,
394 2970 422 3030 et
443 2971 471 3031 te
490 2968 599 3047 ipsam
619 2967 768 3046 servabis,
791 2971 819 3032 et
839 2985 892 3032 ecs
912 2968 968 3048 qai
985 2971 1014 3032 te
1029 2965 1173 3031 audiunt.
1228 2964 1314 3031 Nam
1336 2985 1432 3046 quam
1453 2986 1489 3031 se
1505 2964 1630 3031 Paulas
1650 2966 1735 3032 breui
1754 2972 1917 3033 vacarum
1933 2973 2081 3049 mearet,
2102 2967 2201 3032 uolui

193 3098 197 3103 -
1223 3056 1329 3116 tamea
1354 3051 1481 3130 intereo,
1511 3050 1579 3117 licet
1607 3053 1721 3135 miquo
1747 3058 1888 3134 tempore,
1917 3054 2050 3119 residem
2075 3072 2200 3117 manere

197 3174 200 3179 ·
287 3136 621 3219 laetissimam.
661 3135 823 3221 Intelligit
851 3137 922 3204 eius
950 3138 1081 3221 generis
1103 3157 1173 3203 esse
1228 3135 1429 3202 Timotheum.
1470 3137 1590 3218 ῼιιαιιιο
1611 3138 1717 3218 itaque
1737 3138 1919 3221 diligentias
1939 3139 1974 3202 iu
1993 3144 2087 3203 totam
2103 3138 2199 3202 udam

194 3225 397 3302 doctrinam,
437 3225 530 3289 cuius
571 3221 698 3288 nullum
735 3223 851 3290 debeat
886 3245 956 3290 esse
996 3223 1172 3301 fastidium,
1220 3223 1401 3305 prospicere
1421 3223 1587 3289 convenit?
1625 3223 1800 3289 (laetarum
1819 3245 1860 3289 ue
1877 3225 1981 3289 otiosa
1999 3224 2094 3290 lectio
2113 3223 2200 3289 suffi-

198 3310 326 3376 etiamsi
342 3308 488 3394 quotidie
502 3309 663 3375 audiatur.
693 3308 776 3375 Nam
793 3319 826 3375 et
841 3309 905 3375 alia
920 3309 1064 3376 docenda
1078 3317 1172 3374 suut:
1225 3329 1299 3376 cere
1328 3308 1487 3387 credatur,
1517 3307 1616 3376 simul
1645 3309 1796 3393 ostendit,
1824 3310 1860 3374 in
1884 3330 1979 3377 usum
2001 3331 2072 3377 esse
2094 3308 2197 3392 expli·

197 3396 255 3462 sed
291 3396 463 3480 emphasin
499 3393 598 3461 habet
634 3395 927 3461 demonstrativum
964 3395 1059 3462 haec:
1098 3395 1174 3478 quia
1225 3395 1373 3479 caudam,
1391 3414 1492 3477 quum
1508 3396 1675 3460 doctrinae
1689 3406 1722 3460 et
1736 3394 1956 3463 exhortationi
1970 3398 2093 3461 instare
2108 3415 2199 3478 prae·

196 3482 364 3566 siguificat
392 3504 457 3547 non
486 3501 557 3547 esse
586 3502 639 3547 res
666 3481 747 3548 levis
769 3484 937 3559 momenti,
968 3502 1050 3565 quas
1072 3481 1173 3547 semel
1225 3482 1314 3565 cipit.
1359 3484 1408 3546 Aa
1438 3482 1466 3546 si
1496 3481 1698 3565 praeciperet
1725 3482 1835 3563 ipsum
1863 3483 1987 3548 discere
2014 3481 2099 3565 quod
2125 3480 2197 3546 aliis

196 3567 292 3718 3uasi
310 3565 508 3632 transeundo
526 3568 676 3651 attigisse
694 3567 850 3634 sufficiat:
868 3568 925 3633 sed
944 3570 1053 3652 potius
1068 3568 1173 3651 quoti·
1225 3568 1489 3634 communicaret.
1535 3567 1707 3633 Notandus
1729 3568 1829 3632 etiam
1851 3579 1900 3634 est
1922 3569 1975 3634 hio
1996 3567 2085 3647 ordo,
2113 3566 2200 3650 quod

222 3655 296 3717 iana
331 3652 524 3734 repetitione
561 3650 677 3736 dignas
712 3674 797 3730 esse,
834 3656 909 3737 quia
946 3675 1012 3719 non
1049 3653 1175 3737 possint
1226 3654 1436 3718 lectionem
1473 3653 1680 3717 doctrinae
1715 3663 1752 3717 et
1795 3653 2071 3718 exhortationi
2104 3673 2197 3736 prae·

191 3738 336 3803 nimium
354 3736 521 3803 inculcari.
558 3737 759 3805 Prudentem
777 3740 887 3821 itaque
905 3753 1067 3822 pastorem
1082 3740 1175 3805 decet
1225 3740 1327 3823 ponit.
1371 3737 1456 3803 Nam
1487 3747 1573 3803 certe
1600 3739 1673 3804 fons
1701 3739 1808 3804 omnis
1829 3738 2007 3820 sapientiae
2030 3749 2079 3803 est
2100 3738 2199 3819 scrip·

197 3823 383 3907 expendere
415 3841 497 3905 quae
530 3823 674 3889 maxime
702 3833 779 3889 sunt
809 3827 1004 3904 necessaria,
1039 3837 1075 3890 ut
1107 3826 1173 3890 illia
1226 3834 1310 3907 tura,
1339 3822 1427 3889 uude
1456 3824 1586 3888 haurire
1613 3823 1735 3890 debeut
1763 3832 1910 3907 pastores
1937 3822 2093 3907 quidquid
2123 3843 2198 3906 pro·

196 3911 339 3976 insistat.
388 3908 458 3974 Nec
487 3910 649 3991 estquod
678 3919 832 3975 vereatur
861 3911 1037 3976 fastidium.
1086 3911 1172 3976 Nam
1225 3910 1336 3976 ierunt
1357 3910 1444 3992 apud
1466 3929 1610 3992 gregem.

199 3996 346 4078 quisquis
374 3994 438 4060 Dei
472 4001 536 4071 est,
570 3993 709 4060 libenter
741 3994 919 4060 identidem
953 3996 1062 4061 audiet
1091 4015 1174 4077 quae
1313 3997 1363 4061 14.
1387 3995 1437 4060 Ne
1462 3995 1579 4061 donam
1608 3995 1690 4078 quod
1717 3996 1753 4060 ia
1778 4001 1878 4062 tecet.
1922 3995 2086 4060 Hortatur
2107 4004 2143 4058 ut
2165 3995 2199 4058 in

197 4081 294 4147 toties
316 4082 424 4147 dicere
445 4079 588 4163 expedit.
1225 4080 1379 4147 ecelesiae
1407 4080 1663 4146 aedificationem
1693 4084 1837 4147 conterat
1859 4083 1997 4165 gratiam
2020 4098 2085 4165 qua
2106 4098 2199 4163 prae-

285 4167 336 4233 12.
374 4167 474 4233 Ncuso
509 4169 595 4231 mam
629 4165 824 4232 iuumtatem.
882 4167 955 4231 Hoc
991 4165 1070 4232 dioit
1106 4172 1172 4230 tam
1225 4167 1312 4232 ditus
1331 4174 1390 4231 est.
1428 4165 1544 4247 Neque
1566 4167 1652 4232 enim
1675 4169 1781 4250 perire
1805 4168 1874 4233 rult
1888 4169 2053 4232 Dominus
2075 4166 2200 4230 talenta

198 4253 338 4318 aliorum
361 4261 519 4335 respectu,
542 4271 642 4335 quam
663 4251 765 4334 ipsius
787 4252 961 4318 Timothei.
1002 4252 1172 4332 Quantum
1225 4261 1282 4319 aut
1310 4251 1472 4317 inutiliter
1499 4252 1560 4316 sub
1590 4261 1679 4317 terra
1707 4253 1822 4332 defodi,
1855 4274 1937 4336 quae
1965 4253 2051 4335 apud
2083 4272 2199 4317 uuum·

198 4337 240 4404 ad
262 4339 356 4418 alios,
383 4359 449 4403 non
472 4337 545 4403 vult
567 4337 731 4402 Timothei
753 4349 891 4403 aetatem
915 4359 985 4403 esse
1006 4336 1172 4403 obstaculo
1225 4357 1385 4422 quemque
1407 4337 1558 4420 deposuit
1580 4345 1618 4403 ut
1643 4337 1770 4403 lucrum
1795 4339 1943 4404 afferant.
1986 4340 2018 4405 N
2024 4338 2198 4422 egligere

197 4426 374 4507 quominus
396 4443 466 4489 eam
487 4443 586 4507 quam
608 4435 753 4488 meretur
774 4424 992 4489 reverentiam
1012 4422 1172 4487 obtineat:
1226 4425 1357 4501 donum,
1386 4434 1436 4488 est
1462 4423 1637 4506 neglectim
1659 4444 1871 4507 suppressum
1894 4425 2014 4490 habere
2037 4445 2095 4508 per
2115 4425 2199 4489 desi·

196 4510 294 4575 modo
316 4530 352 4576 se
372 4509 454 4575 alias
476 4510 522 4574 ita
540 4523 642 4593 gerat,
664 4517 700 4575 ut
717 4509 810 4576 decet
828 4507 954 4576 Ohristi
973 4509 1172 4575 ministrum.
1225 4509 1327 4574 diam:
1358 4510 1405 4573 ita
1437 4518 1474 4572 ut
1507 4509 1597 4591 quasi
1626 4507 1777 4593 rubigine
1805 4518 1974 4576 contracta
2005 4512 2095 4577 nullo
2134 4529 2198 4575 usu

198 4595 245 4661 Et
265 4595 364 4662 simul
386 4598 492 4679 ipsum
508 4593 716 4660 Timotheum
737 4593 901 4674 admonet,
923 4603 962 4659 ut
979 4594 1064 4677 quod
1084 4594 1174 4659 deest
1226 4594 1401 4659 deteratur.
1452 4594 1542 4678 Ergo
1572 4595 1756 4660 consideret
1784 4596 1919 4679 quisque
1948 4602 2096 4663 nostrum
2120 4593 2198 4679 quid

189 4683 311 4763 aetati,
340 4691 528 4766 compenset
556 4682 720 4764 gravitate
741 4699 886 4745 morum:
909 4700 947 4746 ao
968 4682 996 4744 si
1020 4679 1172 4744 dixisset:
1224 4680 1387 4745 facultatis
1416 4680 1551 4757 habeat,
1584 4686 1623 4746 ut
1651 4678 1684 4745 id
1714 4680 1827 4746 sedulo
1856 4681 1890 4745 iu
1920 4701 2018 4747 usum
2047 4681 2196 4764 applicet.

198 4767 268 4833 Fac
300 4776 339 4833 nt
370 4787 499 4833 morum
531 4766 695 4850 gravitate
724 4772 854 4832 tautum
885 4766 1090 4832 reverentiae
1116 4764 1173 4830 tibi
1225 4764 1315 4831 Dicit
1336 4765 1475 4848 gretiam
1498 4765 1546 4830 illi
1574 4765 1700 4832 datam
1732 4787 1817 4832 esse
1845 4786 1915 4848 per
1943 4768 2197 4851 prophetiam.

197 4852 361 4931 concilies,
390 4873 433 4918 ne
462 4850 539 4936 quid
562 4859 653 4918 aetas
674 4858 731 4918 tua
753 4851 917 4935 iuvenilis,
947 4871 1029 4935 quae
1051 4850 1174 4934 alioqui
1226 4849 1417 4933 Quomodo?
1449 4853 1527 4932 quia
1558 4852 1682 4917 scilieet
1711 4851 1761 4937 (ut
1787 4861 1864 4918 ante
1886 4851 2044 4939 diximus)
2065 4852 2199 4935 spiritus

198 4941 402 5021 contemptui
436 4936 577 5003 obnoxia
608 4958 680 5005 ease
712 4937 810 5014 solet,
843 4938 884 5003 de
917 4947 974 5003 tua
1003 4937 1174 5002 autoritate
1226 4944 1360 5002 sanctus
1389 4937 1519 5002 oraculo
1541 4935 1750 5002 Timotheum
1780 4938 2003 5006 destinaverat
2031 4949 2068 5004 ut
2089 4939 2124 5002 in
2145 4954 2199 5000 or·

199 5025 335 5089 minuat.
373 5022 469 5090 Unde
491 5023 698 5106 agnoscimus
720 5035 754 5088 et
775 5026 928 5089 iuvenem
951 5024 1059 5088 adhuo
1076 5024 1175 5088 luisse
1227 5021 1335 5088 dinem
1361 5032 1529 5106 pastorum
1552 5031 1768 5105 coaptaretur.
1810 5024 1924 5108 Neque
1945 5025 2034 5090 euim
2056 5024 2199 5090 delectus

199 5107 419 5187 Timotheum,
445 5110 500 5192 qui
523 5118 634 5173 tamen
657 5112 744 5175 inter
765 5109 887 5175 multos
909 5119 1056 5190 pastores
1077 5108 1176 5192 longe
1228 5118 1355 5174 tentum
1379 5110 1484 5174 luerat
1503 5107 1676 5173 homiuum
1699 5108 1832 5186 iudicio,
1861 5112 1991 5177 utheri
2015 5112 2112 5179 solet:
2140 5107 2197 5175 sed

198 5193 378 5262 eminebat:
414 5202 449 5260 et
484 5211 657 5277 perperam
695 5216 750 5262 eos
786 5198 891 5262 iacere
928 5196 982 5277 qui
1015 5214 1174 5260 annorum
1227 5201 1450 5278 praecesserat
1486 5195 1620 5278 spiritus
1656 5196 1867 5278 nuncupatio.
1921 5197 2011 5265 Dicit
2045 5196 2198 5265 cellutam

186 5300 338 5347 numero
359 5281 540 5347 metiuntur
562 5285 723 5361 quantum
745 5281 871 5347 bomini
887 5279 1035 5347 debeant.
1072 5281 1177 5347 Porro
1228 5300 1299 5348 esse
1328 5302 1413 5349 cum
1445 5281 1721 5366 impositione
1749 5301 1952 5349 manuum.
1996 5282 2072 5365 Quo
2099 5281 2199 5370 signi·
