4740 6016
178 271 242 337 357
1079 268 1232 336 CAPUT
1254 270 1282 334 Ι.
2126 272 2192 338 358

180 465 265 550 quod
289 465 414 531 Paulus
444 462 660 545 commendat,
692 469 729 527 ut
757 460 895 525 similior
924 461 967 524 sit
995 480 1157 544 augurum
1210 462 1320 541 habes,
1354 462 1489 545 spiritus
1518 461 1582 529 Dei
1612 463 1763 530 sufficiet.
1815 464 1904 532 Hinc
1933 465 2088 549 sequitur,
2122 487 2194 531 non

179 552 233 618 vel
256 551 441 633 aruspicum
465 548 705 633 aenigmatibus
727 568 823 629 quam
843 546 1010 612 doctrinae
1036 566 1078 610 ex
1095 546 1157 611 Dei
1212 547 1434 614 aestimandas
1457 568 1527 614 esse
1551 549 1720 615 hominum
1740 553 1825 616 vires
1847 572 1889 615 ex
1905 550 1967 616 Dei
1991 553 2191 635 praeceptis:

180 637 281 704 verbo
303 644 462 718 sumptae.
496 635 584 714 Quid
608 636 704 713 enim,
718 632 861 710 obsecro,
877 631 1054 698 Paulinum
1077 633 1156 696 resi·
1211 635 1288 715 qnia
1314 635 1409 699 sicuti
1430 634 1540 700 verbis
1561 634 1662 716 iubet,
1692 635 1737 700 ita
1759 638 1857 701 etiem
1883 638 1981 702 verbe
2002 658 2062 703 sua
2084 636 2192 704 cordi·

179 726 277 808 piant
299 743 412 787 omnes
434 721 700 787 scholasticorum
724 717 820 783 libri?
859 718 952 783 Haeo
969 716 1157 783 adulteran·
1212 719 1272 785 bns
1314 721 1477 803 inscribit,
1520 740 1558 787 en
1597 724 1682 786 vires
1722 721 1975 806 suppeditando,
2011 724 2111 790 efficit
2148 746 2193 790 ne

179 811 241 876 dee
274 809 442 875 doctrinae
474 808 604 871 licentia
636 803 781 870 ostendit
813 824 911 887 quem
941 824 1005 868 non
1033 804 1091 868 aba
1121 824 1157 868 re
1211 806 1333 871 frustra
1369 806 1488 871 iubeat.
1544 805 1642 887 Quod
1677 809 1825 889 sequitur
1859 806 1899 873 de
1936 807 2190 875 habitatione

179 896 304 962 Paulus
326 893 367 960 ad
391 894 536 957 nativam
559 893 696 957 formem
719 889 925 955 retinendam
947 888 1155 954 Timotheum
1211 892 1344 974 spiritus
1382 893 1420 956 in
1458 891 1586 971 nobis,
1624 892 1789 976 significat
1824 914 1981 976 praesens
2013 915 2085 960 esse
2119 897 2190 960 eius

180 983 308 1048 invitet.
349 980 394 1044 Et
417 999 532 1044 sanos
561 997 760 1042 sermones
782 976 917 1058 opponit
939 995 1005 1038 non
1029 986 1156 1039 tantum
1211 977 1373 1042 auxilium
1395 977 1562 1043 fidelibua:
1587 979 1684 1043 modo
1705 999 1748 1044 ne
1770 977 1831 1044 sihi
1854 979 1998 1045 oblatum
2021 991 2190 1064 respuant.

181 1067 387 1152 dogmatibus
410 1064 514 1147 palam
538 1064 658 1146 impiis,
681 1061 738 1127 sed
757 1060 885 1145 frigidis
900 1060 1155 1143 quaestionibus,
1298 1064 1347 1128 15.
1373 1064 1466 1129 Nocti
1483 1063 1546 1129 hoc.
1590 1063 1799 1131 Defectiones
1827 1066 1918 1144 istae,
1946 1085 2026 1148 quas
2047 1085 2192 1131 comme·

179 1174 262 1237 quae
304 1172 363 1235 pro
405 1152 545 1216 sanitate
584 1149 665 1215 nihil
703 1146 791 1212 eliud
829 1167 926 1230 quam
963 1146 1156 1230 languorem
1210 1160 1326 1231 morat,
1342 1158 1492 1232 poterent
1507 1148 1685 1215 multorum
1700 1162 1873 1216 concutere
1888 1152 2028 1217 animoa:
2043 1152 2188 1217 etsimul

179 1240 330 1305 afferunt.
1210 1235 1347 1318 gignere
1369 1235 1478 1300 variae
1510 1236 1727 1317 suspiciones:
1757 1246 1793 1301 ut
1824 1236 1968 1303 solemus
1990 1238 2057 1302 fere
2079 1238 2191 1302 omnia

267 1324 310 1389 In
336 1323 398 1405 fide
425 1328 453 1388 et
480 1323 618 1388 caritate.
663 1319 740 1387 Soio
770 1318 962 1402 perticulam
987 1318 1021 1382 ἐν
1044 1338 1155 1401 saepe-
1210 1321 1243 1383 in
1266 1320 1434 1386 sinistram
1458 1330 1584 1404 partem
1606 1322 1760 1405 arripere.
1797 1323 1967 1389 Eiusmodi
1985 1323 2191 1388 offendiculis

180 1431 317 1476 numero
340 1431 381 1474 ex
404 1409 513 1491 phrasi
536 1407 670 1491 linguae
692 1404 862 1471 hebreicae
884 1403 970 1469 sumi
988 1424 1047 1486 pro
1064 1424 1155 1470 cum:
1210 1407 1351 1471 occurrit
1373 1405 1500 1473 Paulus
1528 1426 1601 1472 cum
1631 1407 1762 1474 heroica
1789 1407 1892 1473 enimi
1915 1409 2122 1475 fortitudine:
2152 1419 2192 1474 ut

180 1497 236 1562 sed
265 1495 320 1560 hio
349 1494 413 1560 alia
443 1495 524 1559 mihi
546 1493 679 1558 videtur
708 1491 912 1575 significatio.
958 1488 996 1556 Si
1025 1490 1156 1572 quidem
1210 1492 1286 1557 boni
1316 1513 1429 1559 omnes
1458 1513 1570 1558 eorum
1597 1492 1768 1575 perfidiam
1792 1495 1946 1561 demensi
1970 1495 2106 1573 discent,
2135 1496 2192 1577 qui

179 1582 265 1647 hane
287 1582 381 1665 quasi
402 1594 512 1646 notam
531 1578 705 1662 adscripsit
722 1576 845 1643 Paulus
862 1597 962 1641 sanae
980 1575 1156 1652 doctrinae,
1210 1599 1342 1644 servum
1365 1578 1491 1645 Christi
1518 1579 1564 1644 ite
1587 1578 1807 1658 deseruerant,
1837 1601 1939 1663 quum
1963 1581 2054 1646 solus
2074 1581 2192 1664 capitia

179 1674 219 1733 ut
242 1669 382 1734 sciemus
404 1664 482 1750 quid
505 1667 679 1746 contineat,
701 1675 735 1727 et
757 1683 839 1745 quae
860 1663 904 1727 ait
926 1663 997 1727 cius
1014 1680 1155 1727 summa:
1210 1666 1261 1730 sni
1290 1664 1434 1748 periculo
1463 1684 1668 1730 communem
1699 1667 1879 1731 sustineret
1902 1683 2053 1733 causam:
2082 1686 2190 1749 neque

180 1774 277 1837 quam
305 1764 407 1818 totam
437 1772 496 1818 suo
520 1770 610 1815 more
632 1749 672 1814 ad
696 1747 793 1813 fidem
815 1755 849 1813 et
870 1749 1039 1813 caritatem
1061 1765 1156 1812 revo·
1210 1748 1282 1816 ideo
1297 1751 1462 1828 veniliam,
1478 1751 1555 1815 dnm
1572 1750 1712 1816 Paulum
1728 1752 1833 1834 ipsum
1848 1752 2037 1834 intelligunt
2052 1753 2189 1818 minime

179 1851 242 1906 cat.
287 1839 332 1903 Et
362 1850 532 1920 utramque
561 1836 729 1901 constituit
757 1835 791 1899 in
821 1833 971 1900 Christo:
1003 1839 1041 1898 ut
1069 1843 1156 1898 certe
1210 1833 1274 1901 Dei
1296 1857 1357 1920 ope
1380 1836 1523 1902 destitui.
1556 1836 1713 1902 Nominat
1735 1847 1848 1903 autem
1870 1838 1959 1915 duos,
1982 1858 2064 1922 quos
2086 1836 2190 1904 credi·

179 1927 249 1991 eius
271 1924 416 2008 cognitio
438 1923 562 1988 duobus
585 1921 637 1987 hia
655 1921 809 1986 membris
829 1921 1001 2004 praecipue
1019 1929 1155 1985 constet.
1211 1921 1274 1987 bile
1303 1933 1355 1988 est
1386 1922 1486 1987 fuisse
1508 1943 1588 2004 prae
1610 1922 1682 1988 eliis
1703 1924 1855 2004 celebres,
1884 1933 1923 1989 ut
1945 1923 2071 1990 aditum
2095 1943 2191 2006 prae·

179 2011 323 2076 Tametsi
347 2010 432 2074 euim
455 2019 505 2074 aet
527 2006 684 2073 articulus
706 2006 894 2090 singularis,
925 2006 981 2089 qui
1002 2005 1157 2071 cohaeret
1209 2006 1320 2074 cludat
1341 2029 1455 2074 eorum
1478 2007 1662 2074 calumniis.
1706 2009 1770 2074 Est
1792 2012 1877 2075 enim
1901 2011 2060 2075 usitatum
2083 2021 2190 2074 trans-

178 2118 255 2163 eum
289 2095 434 2161 caritatis
467 2095 614 2158 nomine:
647 2092 735 2157 idem
769 2106 878 2158 temen
913 2092 954 2156 de
985 2090 1050 2156 fide
1078 2092 1155 2157 sub·
1209 2094 1297 2178 fugis
1319 2114 1357 2161 en
1379 2093 1514 2159 militiae
1537 2094 1737 2160 christianae
1759 2096 1988 2175 desertoribus,
2011 2115 2076 2177 quo
2094 2114 2189 2161 snam

178 2181 376 2247 audiendum
407 2190 466 2246 est.
511 2179 577 2261 Qui
600 2183 736 2244 vertunt
764 2199 840 2245 cum
870 2177 934 2243 fade
956 2184 990 2241 et
1011 2179 1155 2254 caritate,
1209 2180 1447 2263 turpitudinem
1465 2185 1635 2264 excusent,
1657 2201 1867 2263 quascunque
1883 2190 2019 2264 poscunt
2037 2181 2191 2246 crimina·

179 2269 269 2334 hunc
291 2268 415 2333 faciunt
437 2286 579 2348 sensnm,
602 2276 640 2331 ut
658 2265 850 2330 Timotheus
871 2283 970 2330 sanae
991 2262 1156 2328 dootnnae
1209 2267 1314 2331 tiones
1343 2267 1467 2350 fingere
1496 2264 1654 2332 adversus
1682 2266 1796 2332 fideles
1824 2278 1859 2332 et
1886 2267 2004 2350 probos
2026 2265 2189 2351 evangelii

179 2355 338 2437 adiungat
360 2354 490 2434 pietatis
513 2363 546 2417 et
567 2351 713 2418 caritatis
735 2351 897 2417 affectum
941 2349 1063 2413 Fateor
1084 2347 1156 2431 qni·
1208 2352 1386 2418 ministros.
1423 2350 1607 2436 Phygellus
1629 2361 1663 2418 et
1683 2351 1921 2437 Hermogenes,
1942 2353 2019 2437 quia
2040 2352 2190 2418 sciebant

177 2441 252 2506 dem
283 2441 448 2505 neminem
472 2458 566 2520 posse
589 2438 625 2502 in
647 2456 727 2502 seua
750 2437 897 2502 doctrine
919 2433 1059 2500 fideliter
1080 2446 1155 2518 per·
1209 2437 1376 2521 ignaviam
1409 2457 1503 2504 suam
1537 2440 1653 2503 merito
1685 2439 1839 2504 infamem
1871 2458 1943 2506 esse
1976 2457 2072 2522 posse
2100 2437 2188 2522 apud

178 2546 339 2605 severare,
369 2526 432 2590 nisi
460 2527 516 2606 qui
539 2544 619 2589 vera
638 2524 708 2605 ipse
729 2522 796 2588 fide
818 2531 852 2586 et
873 2524 1001 2587 sincera
1022 2523 1157 2586 caritate
1209 2524 1332 2606 fideles,
1361 2523 1505 2606 adeoque
1534 2523 1715 2603 flagitiosae
1742 2524 1897 2606 perfidiae
1926 2524 2091 2590 damnari:
2121 2544 2188 2589 non

178 2613 345 2696 praeditus
367 2622 426 2677 est.
471 2611 598 2675 Verum
622 2609 712 2692 prior
733 2607 894 2690 expositio
915 2606 1002 2691 (meo
1023 2606 1156 2690 iudicio)
1210 2609 1414 2676 dubitassent
1429 2608 1573 2673 Paulum
1596 2629 1735 2693 gravam
1751 2609 1843 2677 falsis
1861 2611 2055 2688 rumoribus,
2078 2623 2112 2676 et
2129 2612 2188 2674 im·

178 2699 297 2764 melius
315 2697 472 2779 quadrat:
495 2703 532 2760 ut
546 2696 673 2763 Paulus
687 2693 853 2778 exegetica
868 2692 1032 2777 exprimat
1045 2691 1158 2776 quales
1209 2696 1372 2779 pudenter
1392 2692 1520 2759 laedere
1542 2695 1613 2760 eius
1635 2695 1864 2761 innocentiam.
1898 2696 1989 2781 Ergo
2004 2695 2135 2774 Paulus,
2151 2702 2190 2761 ut

179 2787 247 2849 sint
275 2783 323 2848 illi
354 2801 530 2863 sermones,
559 2792 592 2846 et
614 2782 706 2846 cuiue
729 2781 796 2847 sint
817 2780 1013 2864 argumenti.
1058 2776 1157 2845 Sum·
1210 2781 1307 2847 fidem
1326 2799 1439 2846 eorum
1455 2779 1632 2846 mendaciis
1648 2780 1792 2865 deroget,
1814 2790 1934 2862 nomm,
1950 2802 2047 2865 quam
2062 2802 2190 2848 meren·

179 2891 266 2935 mam
308 2884 417 2934 autem
451 2869 485 2931 in
519 2868 584 2933 fide
617 2878 649 2931 et
681 2866 816 2932 caritate
848 2868 944 2931 sitam
977 2885 1050 2931 esse
1081 2882 1157 2946 pro·
1210 2879 1275 2950 tur,
1298 2866 1364 2931 illis
1384 2866 1499 2931 inurit.
1536 2864 1593 2933 Sic
1614 2868 1714 2933 etiam
1738 2866 1834 2933 hodie
1855 2868 2021 2951 permulti,
2044 2869 2120 2950 quia
2135 2867 2188 2933 vel

178 2955 328 3052 nuntiat:
363 2973 503 3037 querum
537 2955 608 3018 fons
641 2972 679 3018 ao
718 2953 916 3035 principium
950 2961 1000 3018 est
1032 2949 1158 3015 Christi
1210 2973 1277 3052 uon
1307 2952 1528 3017 admittuntur
1548 2952 1602 3018 hio
1623 2953 1657 3019 in
1678 2954 1907 3034 ministerium,
1938 2954 1990 3020 vel
2012 2955 2109 3019 etiam
2132 2953 2189 3018 ab·

176 3057 332 3191 congtao.
349 3126 523 3210 Egregium
545 3126 720 3207 depositm
743 3124 869 3190 cnudi.
922 3123 1040 3188 Latius
1068 3132 1159 3220 petet
1210 3037 1794 3209 dldlrldlrollhllirovelmpletrepletldld]
1804 3039 2191 3192 fdretdudtddmebollrlatidlrd

180 3218 246 3280 ista
274 3212 468 3278 exhortatio.
520 3210 681 3277 Hortatur
709 3212 796 3275 enim
826 3218 865 3273 ut
897 3208 1052 3292 respiciat
1080 3205 1159 3290 quid
1210 3211 1366 3295 aufugere
1389 3217 1568 3293 coguntur:
1595 3230 1654 3293 per
1674 3210 1820 3279 Galliam
1842 3212 1960 3278 deinde
1981 3221 2014 3276 et
2035 3211 2117 3278 elias
2138 3231 2192 3278 re-

177 3300 242 3369 sibi
271 3299 386 3365 datum
414 3298 458 3364 sit
486 3298 609 3376 aDeo,
638 3303 672 3362 et
694 3303 786 3360 tanto
807 3293 883 3377 plus
904 3293 1004 3360 studii
1027 3301 1061 3358 et
1084 3293 1157 3358 dili·
1210 3299 1323 3382 mones
1346 3295 1495 3379 volitent,
1524 3315 1562 3361 ao
1589 3315 1802 3382 quascunque
1827 3301 1967 3380 possunt
1988 3298 2191 3364 criminatio·

178 3385 309 3471 gentian
332 3384 510 3469 impendat,
535 3390 655 3468 quanto
673 3379 886 3447 excellentius
901 3390 952 3446 est
966 3379 1157 3462 depositum.
1212 3404 1270 3447 nes
1297 3383 1331 3446 in
1353 3402 1414 3448 nos
1437 3380 1627 3466 regerendo,
1655 3402 1733 3448 suae
1754 3383 1962 3450 innocentiae
1984 3385 2192 3467 approbatio·

178 3473 294 3554 Neque
331 3473 417 3537 enim
452 3471 498 3535 rei
532 3469 678 3554 vulgaris
711 3479 775 3534 tam
810 3487 923 3533 severe
955 3465 1038 3532 solet
1070 3465 1158 3548 exigi
1211 3488 1288 3534 uem
1325 3467 1402 3533 inde
1437 3474 1642 3533 mutuantur.
1695 3469 1741 3534 Et
1777 3476 1868 3534 taum
1900 3478 1951 3535 est
1983 3469 2190 3553 quorundam

180 3558 281 3642 ratio.
319 3557 369 3621 Ac
398 3555 539 3639 depositi
567 3555 699 3638 quidem
727 3552 861 3619 nomine
889 3562 955 3619 tarn
988 3551 1158 3618 ministerii
1211 3557 1350 3620 fratrum
1383 3553 1557 3635 imperitia,
1591 3563 1629 3620 ut
1662 3574 1722 3620 nos
1754 3554 1953 3621 crudelitatis
1986 3555 2191 3634 insimulent,

179 3643 340 3709 honorem
373 3661 472 3725 quam
502 3641 594 3707 dotes
623 3661 738 3707 omnes
766 3639 929 3724 intelligo,
962 3640 1079 3723 quibus
1107 3638 1157 3703 in·
1210 3642 1238 3706 si
1270 3643 1342 3725 quis
1370 3649 1519 3705 nostrum
1541 3639 1625 3706 tales
1647 3641 1761 3725 pingat
1783 3641 1851 3705 suia
1872 3640 2043 3706 coloribus.
2088 3643 2191 3724 Atqui

176 3736 325 3794 structus
346 3736 418 3792 erat
432 3727 632 3794 Timotheus.
670 3727 738 3792 Alii
760 3726 802 3791 ad
820 3727 1038 3791 ministerium
1053 3724 1158 3790 solum
1210 3725 1392 3810 optandum
1415 3725 1499 3792 foret
1520 3733 1556 3790 nt
1574 3726 1714 3792 frontem
1732 3745 1844 3792 omnes
1860 3725 2021 3793 haberent
2035 3727 2191 3810 stigmate

179 3815 400 3898 restringunt:
430 3813 520 3895 atqui
549 3811 753 3897 potissimum
784 3832 822 3876 ea
844 3813 952 3878 notari
974 3821 1053 3894 puto
1074 3830 1158 3893 quae
1211 3821 1372 3891 notatm,
1408 3810 1496 3877 unde
1532 3820 1787 3896 agnoscerentur
1822 3813 1928 3895 primo
1965 3813 2077 3878 statim
2110 3832 2189 3879 con·

180 3904 250 3984 ipso
272 3899 454 3965 ministerio
476 3899 605 3981 potiora
626 3911 729 3975 erant,
752 3917 871 3981 nempe
892 3898 1002 3963 omnia
1023 3897 1158 3979 spiritus
1209 3920 1335 3984 gressu.

179 3987 264 4053 dona
287 3986 406 4071 quibus
424 3984 610 4052 excellebat.
647 3983 776 4049 Nomen
796 3982 937 4067 depositi
951 3983 1015 4047 alio
1030 4001 1158 4064 quoque
1297 3984 1348 4049 16.
1370 3982 1434 4049 Det
1462 3983 1710 4051 mehediam
1730 3983 1897 4050 Donsinua
1942 3982 1995 4047 Ex
2024 3983 2085 4049 hac
2114 4002 2191 4066 pre-

177 4081 328 4158 respeotn
358 4083 504 4155 usurpat,
534 4080 569 4134 ut
598 4069 785 4137 meminerit
806 4068 998 4134 Timotheus
1019 4066 1157 4133 redden·
1211 4071 1338 4136 catione
1363 4067 1547 4152 colligimus
1568 4069 1704 4135 minime
1726 4071 1832 4153 perire
1854 4067 1962 4134 officia
1984 4069 2105 4134 canetis
2127 4069 2192 4133 im·

180 4159 256 4225 dam
286 4157 459 4241 aliqnando
488 4177 558 4223 esse
588 4155 763 4245 rationem.
803 4153 964 4220 Fideliter
989 4154 1076 4218 enim
1100 4152 1157 4220 ed·
1212 4175 1322 4240 pensa,
1344 4156 1473 4220 etiamsi
1495 4157 1636 4240 gratiam
1658 4156 1719 4238 ipsi
1742 4156 1863 4222 referre
1885 4163 2058 4239 nequeant.
2102 4154 2190 4221 Nam

178 4244 430 4310 ministrandum
466 4254 516 4308 est
548 4240 704 4325 quidquid
735 4240 829 4306 nobis
862 4240 1025 4306 commisit
1055 4237 1156 4305 Deus.
1211 4241 1297 4325 quod
1328 4241 1435 4306 Deum
1466 4251 1617 4324 precetur
1645 4249 1684 4306 ut
1712 4240 1895 4310 mercedem
1925 4239 2096 4324 rependet,
2127 4241 2190 4307 hoc

179 4331 225 4396 Et
243 4331 280 4394 τὸ
294 4328 396 4393 καλὸν
420 4329 609 4412 proeximio
624 4328 676 4394 vel
691 4326 858 4410 praeclaro
873 4326 1008 4409 capitur.
1044 4326 1157 4408 Itaque
1211 4329 1279 4392 vim
1310 4327 1410 4393 habet
1434 4327 1669 4410 promissionis.
1712 4327 1758 4392 Et
1780 4326 1879 4393 simul
1900 4325 2043 4392 ostendit
2065 4326 2191 4393 Paulus

178 4437 240 4481 non
267 4416 349 4481 male
370 4413 529 4481 Erasmus
556 4413 712 4497 eprephm
735 4413 855 4497 pontit,
885 4413 1039 4478 mouendae
1061 4431 1157 4494 proc·
1210 4433 1303 4479 suam
1341 4413 1590 4495 gratitudinem,
1627 4433 1730 4496 quum
1765 4411 1998 4479 remunerandi
2030 4412 2120 4480 vices
2153 4414 2189 4477 in

176 4503 313 4568 doctus
339 4520 454 4566 occec·
483 4519 578 4583 quum
606 4500 776 4566 carnencas
797 4503 947 4583 segma
966 4518 1045 4564 earu
1088 4496 1156 4564 Sed
1211 4496 1321 4563 Deum
1352 4500 1548 4581 transcribit,
1577 4498 1653 4584 quia
1681 4501 1788 4583 impar
1815 4508 1866 4565 est
1887 4497 2053 4564 solvendo.
2098 4498 2189 4580 Quid

179 4608 261 4671 qnae
283 4594 333 4653 cst
348 4586 550 4653 custodiendi
566 4584 672 4651 ratio?
709 4586 760 4652 Ne
774 4587 896 4652 scilicet
911 4586 1029 4650 inertia
1044 4594 1157 4648 nostre
1210 4585 1238 4650 si
1274 4583 1431 4649 adfuisset
1463 4585 1694 4652 remunerandi
1738 4584 1900 4652 facultas?
1949 4593 2037 4651 certe
2080 4589 2191 4670 reipsa

178 4681 292 4756 pereat
322 4672 407 4755 quod
435 4672 471 4737 in
494 4693 556 4738 nos
578 4671 670 4737 Deua
692 4672 847 4738 contulit:
878 4670 929 4737 vel
953 4680 1085 4755 propter
1106 4670 1156 4734 in·
1212 4677 1349 4734 testatus
1385 4670 1502 4736 fuisset
1537 4671 1701 4736 hominem
1735 4692 1771 4736 se
1803 4671 1971 4754 ingratum
2005 4690 2072 4736 non
2105 4691 2190 4736 esse.

179 4759 415 4842 gratitudinem
449 4760 501 4825 vel
535 4760 672 4825 abusum
706 4759 880 4824 auferatur.
935 4756 1034 4823 Multi
1068 4756 1156 4821 enim
1211 4755 1314 4820 Porro
1346 4755 1524 4821 notandum
1553 4766 1603 4822 est
1631 4756 1715 4840 quod
1745 4776 1847 4841 quum
1870 4755 2068 4839 Onesiphori
2089 4756 2191 4829 solius

179 4845 339 4911 abiiciunt
372 4846 434 4911 Dei
467 4847 622 4930 gratiam,
658 4844 753 4910 multi
788 4865 826 4908 ee
859 4846 922 4908 iam
957 4846 1089 4927 accepta
1122 4862 1157 4906 se
1211 4840 1457 4907 beneficentiam
1490 4841 1615 4925 landet,
1653 4844 1693 4908 ob
1729 4863 1804 4909 eum
1838 4844 1897 4906 toti
1931 4840 2073 4906 familiae
2106 4842 2190 4907 bene

177 4932 314 5012 privant
334 4953 372 4997 ec
394 4931 543 5014 spoliant.
581 4931 745 5010 Quoniam
768 4938 880 4995 temen
903 4929 973 4994 eius
990 4929 1157 4995 custodiae
1211 4935 1372 5010 precetur.
1417 4926 1515 4993 Unde
1536 4928 1728 5012 colligimus,
1755 4928 1819 4994 Dei
1842 4927 2099 4994 benedictionem
2123 4949 2190 4992 non

178 5014 355 5081 difficultas
384 5018 470 5082 vires
500 5027 627 5084 nostras
657 5026 799 5101 superet,
832 5015 906 5081 ideo
936 5016 1056 5094 adiicit,
1089 5035 1157 5097 per
1211 5022 1340 5078 tentum
1368 5033 1466 5095 super
1492 5025 1590 5097 eaput
1611 5016 1698 5094 iusti,
1727 5014 1784 5091 sed
1807 5034 1907 5100 super
1927 5022 2031 5080 totam
2054 5013 2188 5080 domum

178 5103 367 5185 spiritum
398 5115 589 5170 sanctum.
635 5105 684 5171 Ao
713 5105 741 5170 si
764 5103 901 5169 diceret:
932 5100 1003 5167 Non
1026 5101 1157 5183 requiro
1210 5098 1363 5164 residere.
1401 5099 1527 5165 Tantus
1549 5108 1598 5165 est
1620 5100 1685 5167 Dei
1707 5122 1798 5168 amor
1819 5120 1899 5185 erge
1920 5120 2005 5179 suos,
2029 5108 2066 5165 nt
2088 5122 2123 5166 se
2146 5099 2188 5164 ad

178 5189 291 5255 abste
326 5188 398 5273 plus
425 5211 521 5274 quam
555 5193 669 5272 possis.
714 5190 797 5256 Nam
832 5189 917 5271 quod
953 5210 993 5253 ex
1028 5197 1060 5253 te
1093 5208 1156 5252 non
1211 5204 1335 5265 omnes,
1358 5186 1413 5268 qui
1428 5207 1502 5252 cum
1518 5185 1585 5252 illis
1599 5196 1677 5252 sunt
1691 5189 1866 5268 coniuncti,
1878 5186 2050 5253 diffundat.
2089 5185 2190 5268 Quod

1924 5305 1976 5358 23·
