4762 6016
182 370 250 438 295
818 367 963 436 EPIS'P.
985 367 1130 435 PAULI
1150 367 1216 434 AD
1238 367 1522 436 'HMOTHEUM
1545 370 1561 434 Ι
2129 367 2200 434 296

181 565 389 639 restiterunt,
412 563 486 646 plut
508 582 612 647 aequo
626 563 661 627 iu
684 582 796 628 eorum
818 582 963 629 errorem
986 560 1166 629 dealinasse
1216 561 1313 630 aare?
1348 561 1487 648 Semper
1507 563 1619 646 itaque
1638 563 1730 630 nobis
1747 564 1782 629 iu
1805 573 1946 632 mentem
1963 564 2084 644 veniat,
2105 585 2194 644 eum,

185 659 325 717 oonstat.
360 647 523 719 Nolebant
540 647 672 732 quidem
690 648 756 728 isti,
778 668 859 731 quos
875 648 956 732 diao,
978 647 1084 732 legam
1107 651 1165 713 im·
1218 649 1275 731 qui
1308 649 1442 729 orearit,
1475 648 1616 715 liberum
1646 669 1777 733 quoque
1806 671 1905 717 usum
1937 651 2061 731 lauisse,
2093 670 2192 734 quem

186 736 264 819 peni
294 735 509 802 Christianis:
547 735 605 800 sed
634 735 760 799 interea
788 733 959 817 plusquam
994 753 1053 816 par
1081 740 1167 800 esset
1218 735 1341 800 frustra
1357 735 1517 818 impedire
1528 744 1691 802 oonantur
1705 736 1862 803 homines.
1885 737 2030 817 Oreavit,
2045 738 2195 818 inquam,

187 821 424 904 superstitiosis
447 819 727 886 observationibus
750 818 950 901 deferebant,
972 822 1001 885 si
1023 820 1097 902 quis
1117 820 1166 884 iu·
1218 820 1306 886 eibos
1328 820 1419 886 Deus
1447 819 1497 885 ad
1523 821 1861 905 pereipiendum:
1892 822 1954 890 hoo
1981 833 2032 888 ast
2060 832 2099 887 ut
2128 821 2197 888 illis

189 916 282 991 garet
303 907 501 991 ooniugium,
524 905 638 988 siquis
659 925 789 972 earnem
805 925 871 971 non
893 914 1052 988 gustaret.
1086 905 1165 970 Tale
1218 907 1376 972 fruamur.
1424 905 1525 972 Huno
1556 908 1656 973 finem
1689 915 1836 975 evertere
1868 928 2038 992 nunquam
2071 908 2193 991 poterit

189 1001 242 1058 est
263 991 434 1076 ingenium
464 991 594 1056 mundi:
624 1011 754 1073 semper
782 990 906 1057 earnali
934 1011 1024 1056 more
1047 991 1164 1069 Deum,
1216 989 1362 1058 humana
1376 992 1544 1058 autoritas.
1578 993 1682 1058 Addit
1704 1004 1824 1075 autem,
1846 1015 1933 1061 oum
1955 993 2195 1078 gratiarum

191 1078 286 1162 quasi
316 1076 456 1143 earnalis
477 1086 571 1157 esset,
601 1075 663 1142 eibi
685 1076 859 1141 solendum
882 1077 1033 1142 somniat.
1078 1077 1164 1142 Pau·
1217 1077 1402 1143 aetiana:
1426 1078 1503 1160 quia
1525 1077 1611 1143 nihil
1626 1079 1695 1146 Deo
1713 1100 1772 1162 pre
1792 1101 1851 1145 sua
1866 1080 2060 1146 liberalitate
2075 1099 2196 1163 rapen-

189 1163 282 1230 latim
305 1164 403 1229 rebus
431 1164 466 1229 in
489 1162 635 1229 deterius
657 1161 818 1245 eollapsis,
845 1162 987 1227 obtinuit
1012 1162 1093 1229 haee
1115 1167 1164 1245 ty·
1218 1161 1295 1228 dare
1316 1183 1498 1245 possumus,
1520 1183 1618 1247 quam
1633 1164 1845 1249 gratitudinis
1860 1166 2098 1231 testimonium.
2133 1164 2194 1231 Aa

189 1251 304 1315 rannis
334 1269 378 1315 na
399 1249 621 1315 suaerdotibus
642 1253 702 1315 aut
726 1246 895 1314 monaohis
920 1249 969 1313 ias
991 1258 1078 1313 asset
1099 1268 1165 1313 ma·
1217 1268 1275 1330 qua
1301 1248 1347 1313 ito
1375 1249 1494 1315 maiore
1524 1248 1595 1315 odio
1619 1256 1734 1335 praem
1760 1251 1875 1333 impios
1901 1251 2104 1334 lapidatores,
2135 1251 2193 1334 qai

190 1334 381 1401 trimouium
404 1334 615 1401 eontrahara:
638 1355 679 1400 ne
700 1334 861 1418 quispiam
878 1354 1010 1400 earnem
1032 1343 1164 1418 gustare
1215 1333 1408 1416 soemfiet'um
1428 1333 1543 1414 laudis,
1572 1335 1655 1419 qaod
1675 1336 1767 1404 Daue
1787 1339 1823 1404 ia
1839 1339 1961 1421 manis
1977 1337 2117 1419 postula
2130 1336 2193 1403 sot

187 1421 286 1487 uestis
308 1421 422 1487 diebus
443 1419 587 1486 auderet.
621 1419 734 1502 Quare
753 1439 820 1485 non
843 1420 1007 1484 immerito
1027 1419 1164 1502 papistis
1216 1420 1338 1503 offerri,
1366 1422 1457 1486 novis
1485 1424 1512 1485 at
1540 1421 1689 1488 abortivit
1717 1422 1825 1490 edistis
1852 1423 2036 1506 impediant.
2086 1423 2193 1489 Porro

188 1504 288 1573 hodie
302 1506 473 1575 obiiaimus
487 1507 573 1572 hano
587 1505 804 1592 prophetiam,
823 1505 953 1588 quando
968 1505 1163 1572 coelibatum
1216 1525 1283 1571 non
1306 1511 1414 1590 potest
1441 1526 1513 1572 esse
1535 1507 1715 1591 gratiarum
1746 1509 1830 1575 aetio
1856 1508 1927 1574 sine
1956 1507 2129 1574 sobrietate
2157 1513 2192 1574 et

190 1601 223 1658 et
238 1591 385 1660 eiborum
401 1593 632 1659 abstinentiam
648 1592 794 1658 serenus
808 1598 930 1690 urgent
944 1610 1041 1676 quam
1059 1590 1161 1656 ullum
1215 1592 1449 1675 temperantia:
1484 1612 1590 1676 neque
1623 1596 1711 1658 enim
1740 1594 1805 1660 Dei
1836 1592 2081 1661 beuefiaentiam
2111 1613 2191 1660 vera

187 1677 252 1745 Dei
275 1689 493 1764 praeseptum.
529 1678 600 1762 Ipsi
620 1687 732 1777 autem
754 1679 925 1762 ingemoeo
946 1675 1064 1743 oavillo
1085 1676 1163 1741 effu·
1216 1678 1365 1777 agnoseit
1384 1679 1442 1777 qui
1463 1698 1503 1743 ea
1524 1699 1694 1779 perperam
1717 1679 1872 1745 abutitur.
2029 1764 2036 1778 ι

185 1763 850 1927 §.33⁰u..tlt¹3‘’.3l⁰l.itll..t5¹b
866 1773 1020 1915 tutti
1045 1761 1163 1947 ‘diiii
1215 1761 1469 1916 ruffilli
1495 1768 1594 1915 :td
1612 1771 1957 1933 astitisti...
1972 1764 2074 1917 ill.
2090 1763 2193 1935 itti

185 1954 267 2001 vero
298 1955 365 2001 non
397 1934 486 2000 idem
520 1937 678 2019 patuisset
706 1935 854 2001 ‘Patianis
883 1933 1052 2020 effugium,
1085 1954 1160 1999 reu·
1214 1933 1316 2000 bonos
1347 1942 1381 2001 et
1410 1935 1534 2001 malos?
1586 1939 1708 2002 Annon
1742 1939 1811 2003 eius
1843 1938 1934 2004 iussu
1965 1942 2054 2002 terra
2083 1937 2195 2021 impiis

184 2018 300 2086 aiendo
322 2020 422 2085 atium
446 2021 543 2086 Pauli
565 2021 762 2086 sententiam
787 2020 829 2086 ad
852 2020 1107 2104 Cathaphryges
1129 2029 1162 2083 et
1214 2040 1333 2104 panem
1348 2021 1519 2104 produoit?
1541 2042 1651 2088 annon
1666 2023 1738 2088 eius
1752 2023 1977 2089 benedietione
1995 2022 2096 2088 etiam
2119 2042 2192 2106 pes·

184 2114 335 2173 autorem
358 2105 490 2172 illorum
512 2107 719 2173 Montanum.
759 2104 864 2187 Quasi
885 2128 951 2171 non
973 2113 1161 2189 promptum
1213 2105 1289 2172 simi
1304 2104 1458 2172 aluntur?
1493 2107 1555 2173 Est
1571 2108 1659 2173 enim
1678 2108 1866 2174 universale
1883 2107 1966 2175 illud
1986 2107 2193 2189 benefioium,

188 2194 306 2259 luisset
320 2192 623 2277 Oathaphrygibus,
646 2193 836 2260 Euoratitas
851 2212 1042 2277 supponere,
1057 2190 1162 2257 veluti
1213 2190 1300 2274 quod
1337 2191 1447 2258 David
1474 2192 1563 2259 Psal.
1587 2193 1664 2272 104,
1696 2193 1738 2259 14
1767 2195 1929 2261 deoantat.
1985 2193 2191 2277 Respondeo,

187 2297 361 2430 itast.
378 2278 458 2447 bii
492 2276 1162 2444 hitltzdtllmtt'tltltttl
1212 2276 1424 2430 hihi
1438 2279 2192 2448 titt?‘⁰di?.t⁸.⁰.fhtll⁸.tzit..⁰⁰.ll

188 2470 245 2516 sue
267 2459 377 2517 saetae
399 2450 614 2532 proferantur,
643 2469 727 2533 quae
749 2461 860 2516 tamen
881 2449 993 2515 eadem
1015 2447 1163 2514 laborent
1214 2449 1321 2532 impii,
1354 2457 1487 2534 propter
1514 2450 1679 2534 impuram
1708 2451 1939 2518 eoneeientiam
1967 2471 2051 2535 quae
2081 2451 2192 2517 omnia

188 2535 357 2620 hypoorisi
386 2536 422 2600 in
451 2535 532 2602 oibis
561 2535 780 2618 prohibendis,
809 2555 921 2601 omnes
942 2534 1083 2601 eundem
1111 2554 1162 2599 su·
1215 2537 1433 2601 oontaminat:
1462 2536 1735 2618 quemadmodum
1765 2537 1904 2603 habetur
1933 2535 1974 2602 ad
1997 2537 2109 2602 'litum
2136 2556 2190 2602 aa·

189 2620 360 2686 stinebunt
391 2629 531 2687 reatum.
581 2620 678 2687 Unde
706 2621 864 2705 sequitur,
896 2620 987 2686 nullo
1017 2621 1163 2705 proiectu
1215 2621 1283 2704 pite
1306 2623 1335 2699 1,
1363 2621 1413 2688 15.
1459 2621 1505 2686 ut
1527 2642 1623 2705 eane,
1652 2623 1783 2706 proprie
1805 2622 1985 2706 loquendo,
2013 2621 2091 2689 eolis
2111 2621 2191 2688 filiis

187 2706 322 2772 obtendi
344 2726 364 2772 a
386 2706 529 2791 Pupistis
552 2716 680 2773 veteres
700 2707 890 2785 haereticos,
919 2707 1010 2790 quasi
1032 2705 1093 2771 seli
1115 2704 1164 2770 illi
1216 2706 1283 2773 suis
1305 2705 1397 2773 Deus
1426 2715 1530 2773 totum
1561 2708 1719 2774 mundum
1751 2717 1784 2774 et
1813 2706 1970 2792 quidquid
2001 2707 2038 2773 in
2068 2708 2193 2775 mundo

187 2799 355 2858 taxentur.
392 2790 531 2877 Semper
551 2793 730 2859 videndum
756 2804 806 2859 est
827 2815 871 2859 an
900 2792 1024 2859 sintin
1052 2790 1163 2858 eadem
1216 2802 1266 2858 ast
1288 2791 1474 2860 destinavit.
1517 2792 1593 2875 Qua
1621 2795 1747 2861 ratione
1769 2795 1870 2860 etiam
1893 2802 2054 2862 nouantur
2076 2791 2191 2859 mundi

191 2895 292 2944 noxa.
335 2878 526 2962 Exeipiunt,
552 2898 589 2944 se
609 2879 791 2945 Eneratitis
813 2889 846 2944 et
868 2877 1071 2944 Maniobaeis
1092 2896 1165 2943 esse
1216 2877 1385 2944 haeredes.
1437 2879 1524 2945 Nam
1555 2878 1618 2947 baa
1650 2880 1834 2947 uenditione
1867 2879 2067 2946 constitutus
2096 2879 2193 2946 initio

190 2962 385 3031 dissimiles:
416 2965 493 3047 quia
522 2983 588 3030 non
618 2965 809 3049 simplieiter
837 2984 933 3030 usum
961 2964 1103 3048 ooniugii
1131 2971 1165 3028 et
1217 2962 1325 3029 iuerat
1352 2964 1461 3031 Adam
1489 2965 1636 3031 omnium
1666 2966 1831 3045 dominus,
1865 2977 1903 3031 ut
1932 2966 1991 3032 eub
2020 2964 2085 3030 Dei
2116 2967 2190 3032 obe·

189 3051 340 3117 earnium
354 3049 565 3127 interdieunt‚
583 3049 641 3117 sad
655 3053 751 3117 oertis
768 3055 898 3117 tantum
913 3050 1027 3116 diebus
1042 3056 1165 3133 augunt
1217 3048 1339 3115 diautia
1367 3060 1524 3118 maneret.
1568 3051 1710 3118 Proinde
1736 3050 1870 3119 rebellio
1902 3052 2060 3117 adversus
2082 3050 2190 3117 Deum

191 3136 233 3201 ad
262 3137 373 3204 earnis
397 3136 641 3203 abstinentiam:
670 3137 758 3203 solos
785 3145 897 3202 autem
926 3134 1102 3202 monaohus
1130 3139 1166 3200 et
1215 3134 1297 3216 iure,
1320 3137 1407 3221 quod
1428 3136 1478 3202 illi
1499 3135 1652 3203 oollatum
1675 3139 1791 3222 luerat,
1816 3136 1924 3221 ipsum
1946 3157 2013 3202 una
2035 3157 2111 3204 eum
2134 3157 2188 3221 po·

189 3221 376 3290 saoerdotes
397 3241 472 3287 oum
493 3223 689 3289 monialibus
710 3221 752 3288 ad
774 3235 884 3289 vetum
911 3221 1090 3288 ooelibatus
1111 3239 1163 3287 oo·
1215 3223 1313 3288 eteris
1324 3223 1485 3307 spoliavit.
1509 3223 1672 3303 Quoniam
1684 3231 1794 3289 autem
1805 3224 1950 3290 subieeta
1964 3235 2045 3288 sunt
2055 3221 2190 3289 Christo

190 3319 284 3392 gunt.
328 3308 454 3373 Verum
476 3306 557 3374 haee
583 3328 712 3391 quoque
736 3309 833 3375 nimis
855 3308 972 3374 frivola
993 3319 1045 3374 ast
1066 3328 1164 3374 axen-
1216 3309 1336 3387 omnia,
1357 3312 1427 3374 eius
1442 3309 1597 3375 benefioio
1612 3309 1648 3373 in
1665 3311 1831 3394 integrum
1855 3309 2071 3393 restituimur,
2091 3307 2189 3392 idque

189 3395 283 3458 satio.
325 3394 410 3459 Nam
432 3394 680 3461 eanotimoniam
702 3393 916 3461 nihilominus
937 3395 971 3459 in
994 3393 1046 3460 his
1068 3392 1164 3459 rebus
1215 3413 1275 3476 par
1288 3393 1396 3459 fidem.
1434 3392 1546 3475 Quare
1562 3396 1665 3460 veluti
1691 3394 1831 3460 alienum
1850 3395 2001 3460 iurantur
2021 3402 2079 3461 aut
2102 3414 2190 3478 praa-

190 3478 316 3546 looant:
345 3478 462 3546 deinde
491 3479 610 3547 ialsum
639 3491 673 3546 et
699 3480 920 3547 adulterinum
947 3477 1010 3545 Dei
1039 3480 1163 3546 uultum
1216 3478 1336 3544 dantur
1364 3478 1513 3544 infideles
1542 3479 1759 3563 quodeunque
1788 3489 1956 3564 usurpant.
2005 3481 2190 3547 Posteriora

190 3564 386 3633 instituunt:
417 3573 583 3650 postremo
611 3566 826 3634 eonscientiae
855 3565 992 3650 alligant
1022 3564 1163 3632 neeessi·
1215 3565 1361 3631 membro
1388 3564 1503 3632 definit
1529 3585 1611 3647 quos
1639 3575 1732 3631 voaet
1761 3565 1882 3644 fideles,
1911 3586 2030 3649 nempe
2053 3569 2109 3651 qui
2133 3586 2189 3632 no·

190 3650 261 3728 tati,
285 3672 305 3717 a
326 3674 390 3737 qua
411 3651 571 3718 debebant
594 3673 666 3720 esse
688 3651 818 3719 liberae.
848 3652 970 3718 Exstat
992 3651 1079 3734 apud
1095 3651 1162 3716 En·
1215 3651 1319 3715 titiam
1349 3649 1471 3715 habeut
1501 3670 1600 3717 sanae
1629 3651 1805 3719 doetrinae.
1850 3651 1966 3736 Neque
1988 3653 2076 3717 anim
2099 3652 2190 3734 fidas,

189 3736 316 3803 sabium
339 3740 421 3806 libro
442 3739 556 3823 quinto
577 3739 797 3822 fragmentum
820 3738 982 3820 quoddam
1000 3758 1043 3803 ex
1064 3736 1163 3819 serip-
1215 3736 1279 3801 nisi
1300 3756 1344 3800 ex
1365 3737 1466 3803 verbo
1483 3736 1563 3801 Dei:
1587 3757 1629 3802 ne
1652 3738 1734 3803 falso
1756 3746 1910 3821 putamus
1930 3738 2102 3806 oonlusam
2121 3757 2189 3806 asta

186 3826 232 3890 tis
255 3826 431 3908 Apollonii,
461 3822 516 3890 ubi
538 3825 625 3890 inter
647 3835 774 3890 austera
796 3825 956 3890 Montano
976 3822 1163 3906 exprobrat,
1214 3822 1411 3906 opinionem,
1434 3823 1707 3906 quemadmodum
1729 3825 1859 3908 fingunt
1881 3825 2039 3907 papistaa.

187 3910 332 3992 primum
365 3911 464 3977 luisse
494 3910 548 3993 qui
576 3911 706 3994 nuptias
737 3910 873 3978 solverit
905 3918 938 3974 et
966 3908 1163 3974 ieiuniorum
1300 3907 1331 3974 4.
1359 3907 1444 3990 Quia
1474 3909 1577 3974 amate
1604 3915 1761 3975 mamare.
1805 3909 1961 3975 Cibotum
1991 3929 2071 3975 usus
2095 3910 2189 3976 sesti·

186 3996 279 4081 legee
302 3996 503 4081 imposuerit.
547 3996 623 4064 Non
651 3996 741 4076 dieit,
771 3997 806 4062 in
834 3996 1026 4063 universum
1056 3993 1164 4076 prohi·
1215 3995 1299 4060 mari
1318 3993 1412 4060 debet
1434 3996 1554 4077 partim
1577 4016 1619 4060 ex
1639 3994 1770 4061 illorum
1792 3995 1983 4073 substantia,
2005 3995 2126 4078 partim
2147 4014 2190 4059 ex

189 4080 300 4150 buisse
331 4082 578 4148 matrimonium
607 4091 665 4148 aut
692 4081 792 4149 eibos.
837 4080 928 4150 Satis
958 4090 1009 4147 eet
1037 4081 1165 4162 siquis
1216 4081 1285 4146 aius
1308 4099 1445 4165 persona
1466 4081 1522 4163 qui
1538 4082 1688 4147 reseitur.
1717 4079 1865 4164 Utroque
1879 4081 1981 4165 igitur
1995 4089 2191 4166 argumento

189 4168 383 4256 religionem
405 4167 611 4234 eoneeientiis
632 4167 766 4247 iuiioiat,
787 4177 820 4234 et
841 4188 953 4235 aarum
976 4186 1086 4233 rarum
1109 4167 1163 4232 ob·
1215 4177 1342 4251 pugnat
1364 4165 1540 4250 apostolus.
1584 4166 1669 4232 Nam
1690 4167 1777 4251 quud
1798 4164 1839 4232 ad
1861 4166 1949 4232 eibos
1971 4168 2104 4244 attinet,
2135 4186 2191 4249 pu·

190 4257 375 4324 servatione
408 4252 518 4320 Deum
551 4252 657 4321 oolere
694 4255 880 4339 praeeipiat
934 4253 1021 4319 Nam
1052 4271 1164 4317 rerum
1216 4270 1272 4317 ros
1291 4272 1361 4317 esse
1383 4253 1509 4329 asserit,
1533 4253 1609 4334 quia
1631 4254 1698 4319 siut
1719 4252 1826 4319 aDee
1848 4250 1984 4318 eunditi:
2008 4252 2189 4320 uoueeorari

190 4341 368 4410 liberarum
391 4339 574 4426 prohibitio,
598 4341 668 4407 sive
690 4341 853 4427 generalis
873 4341 926 4420 eit,
954 4340 1023 4405 site
1044 4338 1164 4421 speoia·
1217 4358 1294 4404 vero
1322 4337 1417 4403 nobis
1440 4338 1568 4403 illorum
1593 4358 1687 4404 usum
1710 4339 1774 4405 lide
1795 4346 1829 4404 et
1850 4339 2045 4422 predatione.
2089 4338 2189 4403 Boni·

189 4425 242 4509 lie,
271 4449 400 4512 semper
422 4436 473 4493 est
500 4428 652 4512 tyrannis
683 4427 850 4493 diaboliaa.
896 4424 1025 4492 Clarius
1054 4434 1164 4489 tamen
1217 4430 1267 4488 tas
1289 4430 1521 4502 ereaturarum,
1551 4426 1645 4491 auius
1673 4427 1837 4509 meminit,
1870 4424 2062 4490 relationem
2092 4423 2190 4489 babet

190 4512 225 4578 id
248 4511 288 4578 da
310 4515 391 4581 oibis
413 4534 525 4580 verum
548 4533 628 4594 esee,
650 4533 694 4578 ex
708 4515 857 4597 proximo
871 4510 1018 4577 membro
1033 4508 1166 4595 patebit.
1216 4508 1259 4574 ad
1292 4508 1456 4574 homines:
1489 4520 1523 4574 at
1555 4530 1628 4576 eam
1661 4507 1791 4594 quidam
1821 4532 1887 4576 non
1917 4511 1963 4574 ad
1987 4529 2106 4593 eorpus
2133 4521 2191 4575 aut

280 4598 362 4681 Quo
384 4598 476 4666 Dee
496 4601 621 4667 vaurd.
664 4599 817 4665 Notanda
842 4599 934 4673 ratio,
963 4595 1080 4662 debere
1106 4614 1166 4660 nos
1216 4594 1447 4676 valetudinem,
1475 4594 1533 4660 sed
1552 4598 1593 4660 ad
1616 4595 1835 4662 eoneeientias.
1879 4596 1932 4661 Ne
1952 4595 2028 4679 quis
2054 4614 2189 4679 sarnpn·

190 4684 227 4750 in
247 4705 312 4752 nen
333 4684 477 4750 alborum
506 4705 660 4753 oonoeesa
681 4707 701 4751 a
724 4686 794 4751 Deo
822 4684 973 4750 libertate
999 4703 1069 4749 esse
1091 4700 1165 4746 eun·
1216 4679 1285 4747 losa
1308 4690 1403 4746 extra
1423 4680 1486 4746 looi
1508 4678 1784 4748 oiroomstantiam
1808 4681 2062 4765 philosophetur.
2102 4680 2188 4747 Nam

190 4780 309 4849 mutos,
331 4773 408 4853 quia
429 4790 485 4836 aas
505 4775 666 4839 areaverit
687 4774 722 4836 in
743 4770 832 4837 hune
854 4772 964 4836 finem.
1008 4768 1083 4835 Hoe
1104 4766 1166 4851 piis
1217 4788 1285 4832 uno
1319 4767 1418 4833 verbo
1450 4767 1615 4849 signifieat
1645 4763 1783 4849 Paulus,
1816 4787 1885 4833 non
1916 4787 1987 4834 esse
2019 4766 2190 4833 immunda

190 4855 343 4923 omnibus
375 4856 612 4924 inaestimabile
643 4856 798 4942 gaudium
830 4867 892 4940 eet,
925 4875 1026 4939 quum
1058 4854 1167 4920 saiunt
1217 4852 1310 4918 nobie
1339 4872 1447 4919 aeram
1477 4851 1549 4918 Deo
1578 4850 1632 4918 vel
1660 4847 1786 4933 polluta
1815 4870 2028 4936 quaeeunque
2054 4872 2099 4919 ex
2126 4848 2189 4918 Dei

191 4942 349 5010 alimenta
369 4943 488 5021 omnia,
510 4944 628 5026 quibus
650 4953 837 5023 vesountur,
862 4942 924 5008 sibi
946 4941 987 5006 de
1008 4958 1109 5005 manu
1131 4940 1167 5002 in
1218 4958 1317 5004 manu
1351 4938 1550 5021 proveniunt
1582 4945 1616 5003 et
1656 4936 1749 5002 nobis
1785 4937 1820 5001 in
1849 4958 1942 5003 usum
1972 4938 2190 5017 destinantur,

188 5046 330 5096 manum
352 5047 373 5093 a
394 5028 537 5094 Domino
566 5029 706 5115 porrigi:
736 5036 773 5095 ιιι
804 5048 906 5113 purus
935 5026 978 5093 sit
1000 5046 1038 5092 aa
1059 5024 1166 5108 lagiti·
1218 5024 1296 5106 quin
1333 5023 1398 5089 illis
1434 5025 1536 5105 vesei,
1575 5021 1681 5105 quoad
1715 5024 1959 5102 eoneeientiam,
1992 5024 2100 5090 iioaat.
2152 5023 2189 5090 Si

188 5131 267 5182 mus
289 5114 420 5182 illorum
441 5133 532 5181 usus.
568 5114 704 5197 Quanta
723 5135 801 5183 vero
820 5113 989 5180 hominum
1011 5128 1166 5194 arrogan-
1217 5112 1291 5193 quis
1306 5108 1448 5186 obiiciat,
1472 5109 1575 5175 multa
1588 5106 1744 5172 animalia
1759 5107 1836 5172 olim
1855 5111 2067 5192 pronuntiata
2088 5109 2190 5176 iuiraa

189 5201 240 5266 tia
260 5212 320 5282 ast,
333 5201 468 5286 eripere
512 5201 574 5266 uod
598 5201 686 5267 Deus
705 5198 867 5286 largitur?
912 5201 967 5264 An
993 5196 1081 5263 eibos
1103 5195 1166 5278 ipsi
1217 5193 1384 5259 immunda
1404 5193 1440 5257 in
1462 5193 1548 5278 lege:
1571 5197 1606 5257 et
1625 5193 1779 5275 frustum,
1802 5212 1900 5275 quem
1916 5197 2012 5261 arbor
2034 5197 2190 5262 seientiaa

183 5286 366 5356 memet?
409 5288 465 5354 Au
539 5284 552 5351 i
580 5286 778 5353 ereatimem
800 5292 938 5371 possunt
965 5282 1094 5348 irritam
1116 5280 1165 5345 ia-
1217 5278 1294 5346 boui
1328 5288 1362 5345 et
1394 5277 1472 5343 mali
1501 5278 1691 5364 proferebat,
1724 5275 1890 5345 exitialem
1920 5279 2043 5347 bomini
2073 5283 2191 5349 iubes:
