4762 6016
189 337 248 403 161
1075 332 1226 406 cAPuu
1248 330 1301 419 11:
1879 336 1883 341 ’
2123 335 2191 406 162

188 525 251 590 tuis
279 531 440 607 resurgat.
484 522 604 588 Fateor
635 543 714 589 sane
743 531 865 590 restare
894 524 989 591 nobis
1018 523 1160 606 aliquam
1211 522 1258 588 ita
1280 519 1395 587 eximit
1415 519 1500 587 illics
1522 520 1586 588 Dei
1609 519 1650 587 ab
1672 520 1743 587 eius
1764 527 1932 605 potestate.
1971 522 2117 607 Quodsi
2139 526 2187 593 ita

187 612 301 688 vitam,
331 609 409 675 dum
438 607 544 673 adhue
572 630 592 674 ι
621 608 753 675 Ohriste
783 629 896 676 sumus
925 609 1030 676 alieni.
1075 608 1161 674 Nam
1212 617 1272 686 est,
1294 607 1441 690 sequitur
1463 626 1551 691 erge,
1581 605 1742 673 Sannum
1765 606 1847 672 nihil
1881 629 1977 692 agere
2005 611 2068 675 nisi
2090 632 2188 695 supe-

186 694 368 762 iufidelitas
383 714 448 761 nen
463 694 645 779 exstinguit
663 715 792 760 emnem
810 716 953 774 sensnm,
972 717 1032 760 nee
1048 695 1160 760 velun·
1212 693 1296 759 riore
1324 702 1420 758 nutu:
1452 713 1516 758 non
1546 692 1652 776 ipsnm
1681 712 1751 759 esse
1781 693 2014 781 αὐτοκράτορα.
2059 695 2186 777 Quam·

187 790 300 861 tatem,
327 801 387 846 nee
412 779 493 845 alias
522 781 649 846 animae
677 780 858 847 facultates.
903 781 969 847 Sed
999 780 1161 863 quidhoc
1212 800 1308 862 qnam
1331 777 1430 844 simul
1456 777 1532 843 inde
1553 776 1748 863 colligimus,
1778 779 1861 846 nihil
1887 781 2108 849 excusationis
2130 782 2188 849 ha·

188 866 228 934 sd
250 885 390 952 ragnum
412 863 499 932 Dei?
526 866 604 949 quid
627 864 669 931 ad
691 865 820 933 beatam
844 868 958 944 vitam,
987 867 1044 932 ubi
1066 865 1159 951 quid·
1213 865 1289 930 bere
1306 864 1432 948 impios,
1455 884 1493 930 ee
1511 864 1596 948 quod
1611 862 1757 930 Satanae
1778 864 1919 947 impulsu
1934 867 2059 933 scelera
2076 870 2188 935 emnia

187 952 267 1038 qnid
289 953 449 1019 sentimus
471 972 508 1017 ae
526 951 689 1032 velumus,
711 972 799 1018 mors
821 951 893 1019 est?
932 954 1066 1018 Maneat
1082 974 1160 1036 erge
1213 959 1410 1033 perpetrent.
1449 949 1515 1031 Qut
1537 952 1576 1015 fit
1596 951 1683 1014 anim
1705 958 1742 1014 ut
1763 950 1834 1015 eins
1856 952 2023 1034 tyrannidi
2043 955 2110 1021 sint
2132 955 2187 1020 eb-

189 1038 281 1118 illud,
307 1036 568 1104 coniunctionem
585 1038 712 1104 animae
727 1048 857 1105 uestrae
872 1059 947 1105 eum
962 1037 1033 1105 Deo
1048 1058 1161 1104 varam
1213 1035 1314 1113 noxii,
1344 1037 1407 1102 nisi
1430 1035 1516 1118 qued
1537 1035 1609 1101 Dee
1631 1039 1710 1100 snut
1730 1035 1888 1101 rebelles?
1933 1037 2088 1119 Quodsi
2118 1060 2187 1106 neu

187 1144 259 1191 esse
281 1135 314 1190 et
336 1123 465 1188 unicam
488 1124 558 1189 eius
581 1127 699 1188 vitam:
721 1144 758 1189 ae
779 1125 914 1207 preinde
937 1133 1032 1191 extra
1051 1124 1161 1191 Ohrie
1213 1122 1270 1187 alii
1293 1120 1439 1187 Satanae
1461 1122 1618 1197 serviunt,
1646 1121 1710 1185 nisi
1732 1123 1786 1204 qui
1809 1141 1829 1185 a
1849 1122 1922 1187 Dee
1943 1135 2022 1190 eunt
2043 1127 2188 1193 emanci-

188 1223 259 1276 tum
281 1230 343 1275 nos
365 1229 442 1295 esse·
454 1209 587 1292 penitus
608 1218 767 1275 mertuos:
792 1211 868 1292 quia
885 1220 1002 1294 regnat
1019 1212 1053 1275 in
1069 1210 1162 1276 nobis
1213 1208 1291 1290 pati,
1313 1208 1378 1271 imo
1401 1206 1458 1289 qni
1480 1205 1568 1273 illins
1590 1206 1783 1290 obsequium
1805 1206 1916 1274 subire
1937 1216 2098 1276 renuunt:
2124 1212 2186 1279 sibi

189 1303 366 1380 peecatum,
389 1295 502 1360 mertis
524 1295 669 1360 materia.
1213 1292 1342 1375 eulpam
1365 1295 1533 1376 imputent,
1557 1292 1642 1376 qued
1658 1301 1727 1358 tam
1749 1293 1968 1375 perniciosum
1984 1295 2108 1362 habent
2130 1296 2188 1364 do·

274 1378 916 1463 2.1aqatcusathaeacoamcataste.
962 1381 1161 1448 Abeffeotis
1214 1378 1350 1444 minum.
1394 1377 1527 1444 Filios
1559 1378 1901 1445 inoboedientiae
1938 1391 2187 1465 precentuma·

191 1468 244 1534 val
272 1465 433 1531 fructibus
462 1467 592 1545 evincit,
625 1478 793 1548 peceatum
826 1469 861 1532 iu
891 1467 972 1551 ipsis
1002 1467 1080 1532 olim
1110 1488 1160 1532 re·
1214 1464 1304 1530 cibus
1333 1465 1442 1547 posuit
1473 1484 1562 1530 merc
1595 1463 1755 1530 hebraice.
1812 1465 1857 1529 Et
1888 1478 1975 1532 certe
2008 1468 2188 1534 infidelitas

190 1573 317 1637 gnasse.
362 1551 475 1634 Neque
503 1555 591 1618 euim
620 1555 688 1617 vim
715 1555 836 1637 pcccati
866 1556 945 1619 satis
972 1552 1162 1638 intelligunt
1214 1570 1341 1633 semper
1363 1549 1625 1616 cemitemhabet
1647 1550 1935 1618 inoboedientiam:
1951 1552 2094 1636 adeoque
2116 1555 2187 1639 ipsa

190 1640 355 1720 homines,
395 1637 459 1704 uisi
496 1658 595 1721 quum
635 1641 774 1725 emergit
808 1640 843 1704 ιιι
883 1649 1018 1705 externa
1053 1660 1160 1722 opera.
1213 1645 1264 1700 ast
1286 1638 1357 1700 iens
1379 1650 1411 1700 ιι
1434 1645 1538 1701 ιιιιιιι·
1559 1637 1665 1701 omnis
1686 1637 1896 1718 pervicaciae.

190 1724 301 1806 Quum
346 1723 436 1788 addit
485 1723 709 1789 seeundum
764 1723 971 1792 sacculum
1018 1726 1162 1790 muudi
1300 1721 1330 1786 3.
1365 1721 1786 1805 Interqueseeequoque.
1830 1720 2189 1791 Nevideaturcentu-

190 1810 334 1887 huius,
365 1821 501 1874 mertem
532 1809 631 1886 illam,
660 1813 753 1876 acius
771 1811 929 1889 meminit,
963 1811 1105 1896 grassari
1127 1813 1160 1875 iu
1215 1807 1347 1872 melieee
1375 1809 1571 1889 exprobrare
1593 1808 1747 1891 Ephesiis
1768 1808 1880 1890 quales
1902 1810 2030 1887 fuerint,
2060 1820 2118 1875 aut
2141 1810 2188 1877 in·

191 1896 361 1961 hominum
392 1907 511 1960 natura
536 1894 709 1977 signifieat,
742 1908 779 1961 ut
806 1897 927 1961 malum
960 1897 1003 1963 sit
1031 1897 1161 1964 univer·
1215 1893 1306 1959 deice
1339 1894 1511 1975 supercilio
1539 1902 1654 1978 gentes
1675 1892 1826 1959 deiicere:
1856 1914 1892 1959 se
1921 1915 2049 1978 queque
2078 1899 2113 1960 et
2137 1898 2189 1963 sui

191 1981 267 2047 sale.
313 1980 428 2062 Neque
457 1981 544 2046 enim
571 2002 702 2047 cursum
733 1982 847 2047 mundi
875 1982 1038 2067 iutelligit,
1067 1983 1164 2066 quia
1215 1978 1337 2045 similes
1362 1978 1428 2043 illis
1457 1989 1624 2063 aggregat.
1669 1980 1781 2060 Neque
1812 2000 1871 2062 per
1900 1980 1945 2064 hy
1970 1981 2098 2046 ecrisim
2126 1983 2190 2050 hec

192 2066 263 2133 Deo
286 2077 337 2132 est
357 2065 543 2133 ordinatus:
567 2067 855 2150 nequeelemeuta,
878 2080 916 2133 nt
933 2079 1010 2133 suut
1028 2068 1162 2146 eoelum,
1216 2064 1301 2142 dicit,
1325 2064 1380 2129 sed
1401 2084 1477 2129 vera
1500 2066 1699 2131 confessione
1717 2065 1775 2130 dat
1792 2065 1930 2150 gloriam
1980 2089 2027 2132 ee.
2065 2067 2191 2149 Quam·

193 2166 225 2217 ct
245 2162 345 2234 terra,
365 2161 398 2216 et
420 2174 489 2217 aer:
519 2153 575 2218 sed
604 2152 808 2235 pravitatem,
831 2175 895 2236 qua
917 2154 1027 2220 inlecti
1051 2176 1164 2220 snmus
1216 2171 1314 2233 quam
1346 2150 1465 2214 mirum
1496 2150 1599 2216 videri
1625 2159 1723 2233 queat
1750 2151 1836 2233 qued
1860 2152 1982 2216 fatetur
2010 2174 2045 2217 se
2077 2155 2189 2221 ambu-

193 2259 314 2314 emnes,
348 2250 384 2302 ut
412 2239 544 2302 nonsit
573 2240 688 2303 vitium
716 2238 876 2322 aliquibus
905 2240 1078 2321 peculiare,
1108 2238 1164 2305 sed
1216 2237 1301 2301 lasse
1323 2237 1358 2300 in
1380 2237 1652 2320 concupiscentiis
1674 2237 1793 2314 carnis,
1817 2237 1871 2320 qui
1894 2236 1971 2302 alibi
1987 2240 2098 2323 iactat,
2121 2249 2192 2305 tota

194 2325 275 2408 qued
300 2332 405 2388 tetum
429 2323 585 2388 mundum
607 2336 752 2407 occupat.
1217 2322 1288 2386 vita
1316 2342 1351 2386 ιι
1381 2321 1480 2387 luisse
1508 2321 1837 2405 irreprehensibilem.
1894 2323 2095 2406 Respondeo,
2129 2327 2191 2392 hec

281 2408 454 2474 Secundum
470 2411 659 2491 principem.
703 2411 797 2476 Ultra
827 2411 1005 2476 etiamnum
1036 2431 1165 2496 pregre
1217 2429 1289 2473 ιιιι
1310 2408 1460 2472 omuibus
1481 2429 1663 2489 commune,
1686 2408 1741 2491 qui
1765 2408 1910 2474 nendum
1933 2409 2049 2491 spiritu
2065 2410 2192 2477 Christi

92 2546 98 2573 ,
196 2495 292 2574 ditur,
306 2514 438 2561 eausam
455 2507 588 2560 nestrae
599 2496 815 2579 corruptionis
830 2497 917 2562 hanc
928 2499 1165 2576 demonstrans,
1218 2505 1298 2557 sunt
1319 2496 1511 2576 regenerati.
1557 2494 1640 2558 Nam
1665 2505 1830 2576 utcunque
1851 2494 1885 2558 in
1912 2495 2053 2578 speciem
2077 2496 2192 2562 lauda·

196 2581 281 2664 qued
310 2582 529 2664 principatum
558 2582 593 2646 in
622 2603 681 2647 nos
708 2583 855 2648 obtineat
884 2582 1040 2649 diabolus.
1093 2582 1166 2664 Quo
1219 2579 1292 2643 bilis
1321 2580 1365 2643 sit
1394 2578 1598 2660 quorundam
1630 2580 1708 2657 vita,
1742 2580 1820 2662 quia
1852 2601 1918 2644 nen
1948 2596 2126 2663 erumpunt
2155 2584 2192 2647 in

198 2666 278 2732 nihil
301 2667 407 2749 potnit
430 2667 471 2731 ad
495 2668 715 2732 damnandnm
750 2667 927 2733 humanum
961 2687 1065 2752 genus
1091 2689 1165 2752 gra·
1218 2674 1426 2748 conspectum
1450 2664 1619 2729 hominum
1646 2666 1943 2749 concupiscentiae:
1976 2666 2058 2732 nihil
2082 2675 2192 2732 ιιιιιιι

196 2755 269 2819 rius
291 2753 366 2818 diei.
409 2751 498 2831 Quid
520 2754 606 2818 enim
629 2751 721 2818 nobis
744 2755 819 2818 facit
840 2753 1001 2836 reliquum
1029 2754 1082 2837 qui
1106 2775 1167 2819 uos
1219 2771 1337 2834 purum
1371 2762 1420 2815 est
1453 2772 1513 2817 nec
1550 2753 1772 2833 incorruptum
1806 2761 1902 2816 extra
1934 2753 2056 2818 ιοιιιιιιι
2085 2754 2193 2820 omnis

197 2837 314 2904 diaboli
344 2840 509 2922 mancipia
537 2861 607 2904 esse
629 2842 840 2922 prenuntiat,
869 2843 1003 2922 eiusque
1032 2839 1167 2905 arbitrie
1219 2835 1379 2919 puritatis.
1416 2836 1569 2901 Notanda
1587 2845 1756 2919 praeterea
1774 2837 1928 2916 definitio,
1952 2838 2030 2920 qnid
2048 2839 2092 2905 sit
2113 2860 2192 2904 am·

197 2924 372 3002 subiacere,
402 2923 555 3005 quamdiu
579 2935 674 2989 extra
696 2923 820 2990 Christi
842 2947 979 3010 regnum
1003 2924 1166 2992 vivimus?
1220 2923 1365 2988 balare
1392 2922 1613 2988 secuudum
1640 2922 1785 2989 carnis
1813 2925 2193 3007 concupiscentias.

198 3010 315 3076 llerito
345 3011 453 3092 itaque
482 3010 700 3075 conditionem
730 3024 874 3076 nostram
908 3011 1041 3077 herrore
1072 3009 1168 3077 debe·
1220 3008 1343 3075 Facere
1365 3007 1488 3073 scilieet
1509 3028 1591 3090 qnae
1613 3009 1703 3073 carui
1725 3008 1827 3073 libent
1849 3029 1887 3073 ae
1915 3011 2031 3075 menti:
2054 3011 2115 3077 hoe
2133 3019 2193 3090 est,

198 3117 283 3161 mus:
315 3107 478 3175 uteunque
508 3097 619 3162 multis
646 3096 798 3173 arrideat,
833 3096 887 3161 vel
920 3097 1037 3162 saltem
1059 3097 1168 3162 minus
1221 3095 1331 3160 vivere
1354 3093 1396 3157 ad
1423 3094 1546 3177 ingenii
1570 3094 1754 3176 mentisque
1781 3114 1858 3160 suae
1880 3094 2061 3161 arbitrium.
2106 3097 2193 3162 Nam

198 3181 375 3264 displiceat.
412 3181 475 3247 Ubi
495 3203 582 3247 nuuc
600 3182 736 3247 liberum
756 3182 936 3262 arbitrium,
960 3182 1168 3248 moderamen
1220 3200 1296 3246 earo
1323 3179 1378 3245 hic
1399 3178 1577 3262 ingenium,
1606 3179 1658 3243 vel
1688 3189 1832 3257 naturae,
1863 3199 1964 3261 quam
1987 3192 2114 3262 vocant,
2142 3186 2193 3249 in·

198 3268 335 3333 ιιιιοιιιι
357 3278 389 3331 ιι
412 3267 544 3334 moralis
566 3269 682 3346 virtus,
716 3268 755 3332 de
773 3266 890 3351 quibus
913 3279 1079 3350 tantopere
1094 3289 1168 3351 gar·
1219 3265 1429 3332 clinatieuem
1469 3266 1640 3349 signifieat.
1701 3265 1843 3329 Additur
1883 3286 2001 3332 nemen
2035 3267 2194 3350 διανοιῶν,

199 3356 289 3418 riunt
310 3352 478 3436 papistae‘l
510 3353 586 3435 qnid
617 3374 736 3435 purum
765 3362 823 3417 ant
851 3363 974 3419 rectum
1002 3355 1170 3420 invenient
1220 3371 1302 3433 quae
1324 3371 1344 3414 a
1365 3357 1476 3415 mente
1497 3351 1756 3433 proficiscuntur.
1797 3350 1893 3417 Meus
1911 3371 2007 3434 perro
2024 3354 2195 3438 rationem,

199 3439 260 3504 sub
283 3439 457 3522 tyrannide
487 3437 625 3504 diaboli?
671 3439 795 3503 Verum
823 3439 1003 3521 prudenter
1031 3439 1169 3535 sibi,ca-
1221 3436 1453 3520 qualiscunque
1474 3445 1523 3502 est
1540 3437 1573 3500 iu
1596 3435 1729 3501 homine
1747 3456 1766 3499 a
1784 3448 1912 3516 natura,
1936 3439 2196 3525 comprehcndit.

198 3534 288 3602 vent,
316 3523 394 3590 dum
416 3525 501 3590 hauc
522 3523 618 3590 Pauli
641 3524 823 3589 doctrinam
850 3525 1080 3591 abominantur
1101 3546 1169 3591 nen
1221 3522 1334 3604 Quare
1363 3541 1482 3587 nemen
1509 3521 1791 3603 concupiscentiae
1821 3543 1887 3588 nou
1921 3532 2050 3589 tautum
2080 3522 2121 3589 ad
2142 3525 2195 3590 in·

197 3629 290 3676 secus
319 3631 356 3676 ae
378 3629 541 3676 summam
570 3609 731 3676 haeresin.
777 3611 849 3694 Ego
878 3616 988 3676 antem
1019 3610 1100 3691 dice,
1133 3611 1169 3676 in
1221 3609 1354 3674 temeres
1376 3609 1552 3691 appetitus,
1579 3607 1631 3672 vel
1654 3607 1694 3672 ad
1717 3617 1844 3690 partem
1873 3610 2069 3690 sensualem,
2096 3632 2195 3693 quam

198 3694 248 3762 his
271 3695 381 3761 verbis
404 3694 486 3760 nihil
509 3717 580 3762 csse
602 3696 791 3762 obscurum:
815 3697 987 3763 universes
1003 3697 1168 3775 mortales,
1222 3703 1349 3770 vocant,
1378 3694 1533 3776 pertinet:
1563 3692 1620 3758 sed
1643 3692 1684 3758 ad
1712 3714 1878 3759 summum
1902 3716 2003 3779 usque
2025 3696 2197 3780 pertingit.

200 3781 252 3863 qui
275 3781 453 3847 secuudum
478 3782 648 3865 mnndum,
676 3780 738 3847 hec
765 3792 824 3862 est,
851 3784 960 3848 earnis
982 3802 1058 3848 suae
1080 3784 1169 3866 iuge·
1306 3776 1350 3844 Et
1368 3799 1493 3844 mamus
1512 3778 1708 3859 netarcfiiii
1725 3779 1803 3844 irae.
1840 3779 2049 3860 Prennutiat,
2066 3784 2196 3848 uuiver-

200 3868 262 3946 nio,
297 3868 424 3946 vivunt,
457 3867 520 3932 sub
552 3867 695 3934 Satanae
729 3888 832 3952 reguo
866 3868 1015 3933 militare.
1065 3869 1168 3933 Perre
1222 3887 1275 3933 ses
1294 3867 1364 3930 siue
1389 3865 1579 3948 exceptione
1597 3865 1659 3930 sub
1684 3874 1779 3931 reatu
1794 3886 1873 3946 esse,
1892 3866 1993 3933 donec
2008 3888 2067 3949 per
2082 3867 2195 3936 Chris·

199 3952 357 4036 singulari
379 3973 515 4018 numero
537 3953 700 4019 diabolum
723 3964 898 4036 nuncupat,
926 3957 1047 4019 usitate
1068 3955 1169 4037 serip-
1223 3964 1291 4015 tum
1315 3950 1505 4026 liberentur,
1530 3961 1597 4014 tam
1619 3949 1760 4016 Iudaees
1782 3972 1879 4034 quam
1903 3953 2052 4037 gentiles,
2083 3974 2196 4037 qnem-

200 4048 292 4103 turae
314 4059 420 4104 mere:
444 4059 561 4120 nempe
583 4041 666 4105 sicut
689 4038 764 4104 filiis
779 4038 842 4103 Dei
864 4060 967 4104 unum
989 4048 1039 4104 est
1060 4049 1169 4122 capnt,
1222 4036 1397 4102 admodum
1421 4038 1461 4100 ad
1485 4035 1623 4101 Galatas
1644 4037 1750 4120 capito
1773 4037 1809 4101 2:
1833 4038 1977 4103 utnulla
1998 4038 2196 4117 sitiustitia,

200 4124 245 4188 ιιι
273 4136 308 4189 ιι
329 4125 446 4206 impiis,
480 4128 555 4207 quia
588 4123 719 4206 utrique
746 4146 840 4189 suum
870 4145 988 4208 eorpus
1014 4125 1168 4190 efficiunt.
1223 4121 1426 4200 unllasalus,
1445 4121 2003 4204 nnlladeuiqneexcellentiaextra
2015 4123 2197 4191 Christum.

200 4208 289 4293 Ergo
320 4210 478 4275 malcrum
501 4210 645 4275 omnium
669 4210 870 4291 principatus
892 4211 949 4275 nni
971 4210 1170 4291 attribuitur,
1223 4210 1287 4273 Per
1302 4207 1387 4273 filies
1401 4207 1479 4290 irae,
1502 4207 1693 4290 simpliciter
1708 4207 1855 4291 intellige
1874 4209 2018 4292 perditos
2037 4232 2075 4277 ae
2090 4220 2197 4277 morte

200 4303 236 4359 nt
257 4297 317 4360 fiat
338 4316 404 4360 nna
430 4295 606 4379 impietatis
629 4316 746 4360 massa.
792 4294 888 4376 Quod
916 4296 1040 4361 diabolo
1062 4308 1169 4378 petes·
1222 4302 1357 4360 aeterua
1378 4293 1502 4375 dignes.
1548 4292 1603 4357 Ira
1632 4295 1720 4357 euim
1749 4292 1904 4359 iudicium
1927 4295 1991 4359 Dei
2021 4296 2196 4381 significat.

201 4393 301 4447 tatem
324 4382 358 4445 in
380 4402 454 4447 aare
477 4382 634 4465 assignat,
661 4381 701 4445 de
723 4402 760 4445 ee
782 4393 893 4463 postea
915 4382 1096 4447 videbimus
1117 4401 1169 4447 ca·
1222 4380 1301 4445 Ideo
1334 4378 1421 4442 lilii
1447 4379 1537 4442 irae
1569 4379 1705 4461 perinde
1739 4378 1826 4446 valet
1859 4394 1958 4464 atque
1991 4403 2100 4447 eoram
2122 4383 2196 4450 Dee

200 4469 265 4550 pite
291 4479 395 4531 sexto.
440 4467 512 4534 Hee
542 4477 670 4532 tantum
701 4467 735 4530 in
765 4468 946 4549 praeseutia
975 4468 1170 4545 notabimus,
1223 4465 1380 4530 damuati.
1424 4464 1520 4530 Tales
1543 4463 1803 4550 fuisseludaces,
1825 4467 2065 4552 etquicunque
2088 4471 2121 4534 iu
2144 4490 2197 4535 ιι-

201 4552 370 4619 ridiculum
400 4554 499 4619 luisse
527 4554 804 4635 deliriumoquod
828 4553 1014 4619 Manichaei
1045 4575 1085 4618 cx
1108 4553 1170 4619 hee
1223 4551 1321 4617 clesia
1338 4549 1573 4628 excelluerunt,
1592 4550 1718 4617 Paulus
1736 4552 1789 4616 hic
1809 4550 1910 4619 decet.
1949 4553 2050 4635 quue
2063 4560 2196 4621 natura:

200 4638 269 4705 lece
292 4637 356 4703 dne
379 4640 539 4723 principia
559 4640 729 4706 adstruere
743 4640 850 4705 conati
872 4639 949 4719 sint,
971 4659 1011 4705 ae
1028 4640 1056 4704 si
1078 4638 1169 4722 quid·
1223 4635 1337 4716 idest,
1370 4637 1442 4719 ipsa
1463 4637 1590 4720 origine
1613 4649 1645 4701 et
1668 4639 1708 4702 ab
1731 4648 1824 4704 utere
1847 4639 1970 4704 matris.
2016 4639 2125 4706 Locus
2147 4647 2199 4706 est

200 4745 306 4807 qnam,
330 4725 436 4790 inrito
458 4725 540 4809 Dee,
563 4724 668 4790 Satan
689 4733 807 4807 posset.
845 4724 958 4808 Neque
973 4726 1059 4790 enim
1081 4744 1168 4789 sum·
1223 4722 1361 4805 insignis
1379 4721 1536 4787 adversus
1551 4722 1753 4807 Pelagianos,
1778 4725 2011 4807 etquicunque
2026 4733 2198 4808 peccatum

105 4811 109 4822 '
200 4830 290 4875 mum
312 4811 486 4894 imperium
503 4810 650 4876 coneedit
671 4811 719 4874 illi
738 4810 860 4875 Paulus
882 4810 967 4892 qued
990 4810 1088 4875 unius
1107 4808 1170 4874 Dei
1223 4807 1384 4892 originale
1407 4818 1538 4890 negant.
1584 4808 1667 4873 Nam
1691 4809 1778 4891 qued
1802 4809 1995 4876 naturaliter
2020 4811 2105 4877 inest
2127 4831 2197 4877 om·

199 4894 333 4962 arbitrio
356 4919 420 4962 nen
443 4896 555 4977 subsit,
577 4896 634 4961 sed
657 4896 866 4980 tyrannidem
882 4897 1051 4970 duntaxat,
1074 4915 1170 4977 qnam
1224 4894 1329 4971 nibus,
1359 4894 1393 4957 id
1415 4899 1503 4958 certe
1525 4904 1575 4959 est
1596 4893 1764 4977 originale.
1809 4896 2011 4961 Naturaliter
2034 4917 2112 4962 vere
2137 4918 2198 4963 nes

199 4990 349 5047 exerceat
370 4981 434 5047 Dei
457 4985 624 5065 permissu.
664 4980 751 5062 Quid
775 4981 863 5046 cuim
883 4991 934 5047 est
953 4980 1041 5046 aliud
1064 4980 1169 5045 Satan
1224 5000 1336 5045 emnes
1358 4978 1562 5045 damnationi
1596 4979 1754 5044 ebnoxios
1787 4982 1911 5047 Paulus
1944 4983 2046 5048 decet.
2107 4983 2199 5068 Ergo

199 5087 297 5150 quam
327 5068 390 5134 Dei
417 5069 571 5140 carnifex.
603 5076 641 5132 ut
668 5068 707 5133 de
735 5066 905 5133 homiuum
934 5066 1171 5151 ingratitudine
1224 5074 1391 5149 peecatum
1418 5067 1450 5130 in
1474 5067 1567 5133 nobis
1596 5066 1728 5131 haeret:
1759 5069 1834 5150 quia
1855 5068 1947 5134 Dens
1974 5089 2038 5134 nen
2062 5068 2199 5135 damnat

199 5173 320 5235 peenas
352 5153 483 5220 sumat?
536 5154 638 5237 quue
671 5162 790 5220 sonant
816 5152 913 5220 Pauli
946 5153 1064 5219 verbe:
1098 5151 1173 5235 quia
1225 5154 1422 5218 innoeentes.
1470 5153 1638 5237 Pelagiaui
1671 5153 1921 5239 cavillabantur,
1955 5165 2123 5237 peccmum
2158 5159 2199 5223 ab

198 5239 286 5319 dicit,
317 5261 393 5304 eum
414 5261 485 5306 esse
507 5239 673 5306 efficacem
699 5240 734 5304 iu
757 5239 834 5305 selis
856 5239 1041 5306 incredulis.
1086 5237 1171 5303 Nam
1226 5236 1333 5303 Adam
1362 5238 1397 5302 iu
1428 5239 1617 5305 universum
1641 5239 1821 5305 humanum
1850 5262 1955 5326 genus
1982 5250 2199 5330 propagatum

291 5358 403 5418 θαιιιιιι
417 5373 513 5428 opera.
543 5357 605 5414 Vel.
619 5356 672 5413 H.
1964 5360 1997 5415 11
