4762 6016
557 1503 741 1585 CAPUT
763 1502 796 1582 Ι,
1221 1500 1327 1586 genie,
1351 1500 1422 1568 vult
1443 1501 1586 1585 agnosoi.
1631 1500 1730 1566 Ratio
1753 1508 1862 1567 autem
1886 1500 2116 1586 appellationis
2138 1512 2198 1591 est,

1221 1588 1298 1672 quia
1319 1607 1393 1653 eum
1421 1589 1455 1651 in
1478 1586 1612 1653 Christo
1657 1596 1802 1653 enuerat.
1847 1586 1933 1653 Nam
1963 1589 2026 1654 etsi
2047 1591 2103 1654 uni
2126 1587 2198 1656 Deo

273 1674 304 1738 1.
326 1672 452 1740 Patulus
473 1671 635 1754 spostolus
658 1671 735 1737 Iseo
758 1670 878 1738 coreo
897 1692 958 1756 por
984 1670 1168 1739 oobtstotem
1220 1673 1376 1739 eonvenit
1391 1672 1444 1739 hie
1460 1672 1581 1739 bonor:
1605 1607 1656 1739 ad
1662 1672 1830 1739 ministros
1848 1684 1958 1739 tamen
1973 1674 2072 1740 etiam
2094 1683 2199 1741 trans-

184 1759 260 1838 Det}
281 1759 451 1826 smum
459 1758 702 1842 promissionem
724 1758 908 1842 dilatatos
927 1763 971 1825 so
992 1759 1028 1824 ire
1045 1757 1168 1826 Christo
1220 1758 1325 1825 fertur
1364 1779 1502 1841 quorum
1532 1779 1631 1842 opera
1658 1760 1765 1825 utitur
1794 1757 1835 1826 ad
1857 1781 1917 1825 nos
1945 1758 2198 1846 regenerandos.

187 1845 280 1913 Iesu:
322 1845 354 1911 2.
380 1842 540 1913 sanotae
566 1842 675 1910 sasso
693 1843 764 1925 tilio
790 1844 907 1927 pratia
936 1845 1166 1922 misericordis,
1340 1844 1438 1925 ratio,
1454 1844 1681 1912 miseisordio.
1704 1843 1832 1912 Nomen
1845 1845 2095 1924 miserioordiae,
2113 1845 2200 1931 quod

180 1951 252 2014 pots
273 1951 296 1998 a
316 1929 386 1998 Deo
400 1935 507 2016 patre,
528 1935 557 1997 et
580 1927 704 1996 Christo
726 1929 803 1995 Iesu
823 1931 951 1998 domino
971 1934 1088 1998 nostro.
1220 1930 1274 1998 hie
1296 1931 1414 2013 posuit,
1442 1929 1526 1997 solet
1547 1930 1582 1995 in
1604 1930 1735 1997 usitatis
1757 1931 2010 1998 salutationibus
2031 1931 2198 1999 omittere:

1219 2016 1303 2100 quod
1327 2017 1448 2082 laetum
1471 2016 1570 2083 luisse
1591 2026 1681 2100 puto,
1712 2036 1814 2098 quum
1837 2016 1933 2083 solito
1956 2017 2079 2084 maiore
2102 2016 2199 2084 vehe-

273 2103 302 2168 1.
327 2100 464 2169 Potaissa.
507 2098 581 2166 Iam
603 2121 645 2166 ex
666 2101 738 2184 ipso
760 2103 925 2186 prooemio
951 2101 1167 2187 perspioimus
1219 2102 1343 2168 mentia
1372 2101 1525 2168 effaetum
1554 2122 1650 2168 suum
1681 2101 1902 2186 profunderet.
1947 2103 2121 2169 Caeterum
2148 2104 2198 2171 vi·

185 2189 327 2256 Paulum
362 2208 430 2254 non
463 2187 565 2257 solius
599 2186 766 2254 Timothei
798 2187 951 2255 habuisse
987 2188 1166 2253 rationem:
1220 2187 1316 2253 detur
1337 2187 1491 2254 inversus
1513 2209 1584 2256 esse
1606 2187 1694 2255 ordo.
1738 2187 1824 2253 Nam
1853 2209 1953 2271 quum
1977 2187 2201 2257 misericordie

186 2274 306 2358 alioqui
336 2295 432 2340 suum
455 2272 675 2356 apostolatum
699 2282 857 2339 nontam
882 2275 1055 2358 magnifiee
1077 2293 1165 2338 asss-
1219 2274 1263 2340 sit
1295 2293 1393 2347 eausa
1420 2275 1557 2358 gratias,
1592 2272 1785 2357 praeoedere
1817 2271 1929 2340 debuit
1962 2275 1997 2338 in
2029 2282 2199 2342 oontextu.

186 2369 283 2427 roret.
328 2358 418 2441 Quid
440 2360 529 2426 enim
553 2357 729 2424 verberum
751 2361 954 2426 ornamentis
979 2379 1062 2443 opus
1083 2359 1165 2424 tuis·
1219 2359 1348 2425 Verum
1381 2359 1442 2425 hoo
1475 2379 1605 2443 quoque
1637 2381 1703 2425 non
1732 2357 1818 2425 male
1851 2359 1991 2443 quadrat
2024 2368 2061 2425 ut
2092 2360 2199 2445 gratia

184 2453 236 2517 set
257 2445 344 2532 apud
366 2467 441 2512 eum
471 2445 525 2511 oui
546 2464 601 2510 res
630 2445 709 2511 satis
736 2465 892 2528 persuasa
914 2442 1007 2511 erat?
1050 2442 1164 2510 Publi·
1219 2445 1419 2524 subiieiatur,
1441 2465 1507 2528 quo
1529 2446 1646 2512 melius
1669 2445 1834 2529 exprimat
1855 2445 1961 2529 qualis
1982 2444 2026 2512 sit
2046 2445 2104 2511 illa
2125 2466 2198 2530 gra·

185 2552 257 2686 tt
277 2552 371 2684 tt.
387 2530 450 2683 ‘lt
471 2531 682 2682 :ltttttt
712 2529 889 2700 {billi
905 2529 1164 2684 ttttlllt·
1220 2528 1604 2684 ltsstlltttltt
1618 2529 2197 2700 ‘t‘sllt‘tt‘ltltttttl

186 2714 291 2770 totum
314 2639 488 2770 ministeiii
509 2703 560 2769 sui
583 2668 715 2769 onrsuin
735 2703 805 2770 vult
828 2703 1027 2786 approbarer
1049 2663 1166 2768 doetri3
1219 2723 1301 2771 oors.
1346 2666 1552 2785 Ququuam
1575 2708 1685 2787 potest
1706 2703 1768 2769 hoo
1790 2702 1890 2769 etiam
1914 2703 2033 2788 exponi
2056 2702 2096 2770 ds
2118 2723 2199 2787 quo·

185 2811 273 2867 nam,
303 2790 425 2872 inqua
453 2786 612 2854 tradenda
640 2797 812 2873 tantopere
841 2789 1056 2869 laboraverat,
1080 2786 1165 2855 obsi·
1219 2787 1354 2855 tidianis
1375 2785 1440 2854 Dei
1471 2790 1645 2873 benefieiis,
1679 2809 1763 2872 quas
1797 2787 1933 2854 totidem
1966 2797 2045 2857 aunt
2074 2790 2200 2857 miseri-

186 2896 288 2961 gnare
311 2875 392 2952 vult,
415 2884 453 2940 ut
467 2883 581 2940 saneta
603 2876 646 2940 sit
661 2873 703 2941 ad
726 2884 881 2959 posteros,
902 2876 1036 2959 eiusque
1052 2894 1166 2942 veram
1219 2873 1348 2941 eordiae
1363 2874 1434 2942 eius
1449 2875 1646 2942 testimonia.
1668 2873 1752 2941 Nam
1764 2874 1889 2958 quoties
1900 2875 1994 2942 nobis
2005 2874 2198 2961 opitulatur,

185 2961 327 3046 effigiem
358 2960 394 3026 in
417 2960 591 3025 Timotheo
612 2960 809 3046 relinquere.
855 2962 905 3028 Ao
927 2961 1071 3044 primum
1093 2960 1164 3044 qui·
1219 2962 1349 3044 quoties
1371 2980 1390 3025 a
1412 2960 1508 3027 malis
1522 2960 1651 3041 liberat,
1672 2960 1815 3047 ignoseit
1829 2960 1971 3045 peoeatis
1992 2961 2124 3043 nostris,
2147 2962 2198 3026 in·

187 3047 261 3113 dem
284 3067 342 3113 suo
370 3066 461 3112 more
482 3046 717 3129 apostolum
747 3069 782 3112 se
810 3046 977 3114 christi
998 3047 1166 3113 nominat:
1219 3047 1365 3113 firmitati
1386 3045 1554 3132 indulget:
1583 3048 1645 3114 hoo
1667 3046 1754 3128 laoit,
1784 3049 1859 3131 quia
1888 3046 1993 3113 nostri
2016 3045 2197 3114 miseretur.

186 3131 1166 3303 ttdtfttllllstttttlltttltlltllltltl
1217 3263 1254 3328 s
1303 3176 1334 3242 ³·
1360 3175 1817 3329 G'fffflfflgssqgm
1830 3176 1894 3327 qje
1914 3176 2198 3276 “roem

187 3315 347 3406 tesquam
361 3326 437 3372 enm
449 3304 508 3386 qui
520 3324 691 3406 personam
705 3303 830 3371 Christi
842 3305 1013 3406 sustineat.
1036 3303 1164 3371 Verum
1216 3349 1253 3414 in
1268 3283 1603 3431 &mmm
1631 3353 1659 3413 d
1686 3281 1820 3428 „off”
1830 3348 1860 3414 4
1877 3282 2066 3414 ‘desiderum
2094 3261 2199 3414 m

410 3401 460 3456 ..
474 3390 1166 3545 ottlslslultullali:
1216 3435 1297 3515 oe.
1323 3455 1442 3502 m
1462 3439 1590 3501 s...
1610 3435 1825 3518 rs...
1852 3435 2025 3533 rso
2050 3434 2197 3533 ee

186 3486 509 3648 {liddidlndimsidddl’
528 3562 669 3648 elogium
703 3585 781 3630 suae
815 3564 997 3632 vosstionis
1033 3565 1165 3648 profert,
1215 3521 1433 3689 ssdemmfmffl
1450 3526 1605 3673 m
1617 3539 1828 3688 mum
1845 3525 1941 3672 κ’
1953 3525 2012 3670 3:2²
2032 3539 2200 3685 maz

186 3647 742 3801 sbtrtll‘dtttttltl
751 3659 839 3802 ‘tt
852 3672 939 3802 ii?
956 3651 1164 3820 tttttt
1216 3695 1254 3758 ιι
1274 3698 1374 3760 ms.
1394 3698 1450 3759 ‘e
1470 3693 1611 3760 Eum
1634 3710 1831 3774 seeum
1858 3696 1964 3757 aee
1991 3689 2085 3756 ut..
2114 3692 2198 3774 ...a

186 3842 287 3906 quum
309 3820 418 3887 Deum
441 3819 561 3887 babeat
584 3827 734 3886 autorem
756 3829 790 3887 st
811 3821 992 3889 vondieem.

275 3905 451 3974 Semurium
474 3906 725 3986 promissiones.
769 3905 845 3987 Quo
875 3908 995 3973 sortior
1027 3907 1070 3971 ait
1103 3925 1166 3972 aua
1304 3907 1335 3974 3.
1360 3907 1511 3975 Gratiam
1541 3906 1647 3974 babeo.
1691 3906 1804 3992 Vulgo
1834 3907 1881 3972 ita
1902 3912 2080 3990 exponunt,
2109 3903 2195 3989 quod

188 3997 325 4072 vosstio,
347 4013 420 4059 eam
435 4011 510 4057 eum
533 3991 801 4075 promissionibus
821 3993 908 4060 vitae
922 4003 1075 4060 aeternae
1090 4013 1165 4058 eon·
1219 3994 1342 4061 Paulus
1363 3993 1505 4078 gratiam
1528 3993 1599 4060 Deo
1626 3991 1760 4059 habeat:
1792 3991 1910 4059 deinde
1939 4013 2013 4058 mox
2040 3995 2196 4075 sequatur

189 4081 305 4163 iungit,
327 4100 365 4146 ao
386 4079 416 4145 si
437 4077 578 4144 diseret:
600 4076 885 4158 Quemadmodum
900 4080 941 4145 ab
963 4079 1057 4145 initio
1073 4077 1166 4145 Deus
1218 4099 1334 4146 eausae
1352 4078 1500 4159 redditio,
1519 4079 1573 4144 vel
1592 4088 1824 4164 argumentum
1842 4078 2024 4163 gratiaram
2043 4077 2193 4144 aetionis:

189 4167 293 4233 vitam
316 4172 484 4231 aeternam
513 4163 665 4248 promisit
690 4163 724 4229 in
748 4163 889 4246 Christo,
917 4166 964 4230 ita
985 4184 1073 4231 nuno
1095 4164 1165 4231 sius
1218 4166 1295 4248 quia
1317 4167 1389 4232 sine
1415 4165 1658 4232 intermissione
1686 4185 1812 4231 memor
1839 4165 1884 4230 sit
1906 4164 2081 4228 Timothei.
2125 4160 2195 4229 Sed

188 4250 414 4334 promissionis
444 4248 660 4334 publioandae
687 4271 740 4317 me
768 4252 939 4318 eonstituit
965 4250 1164 4316 ministrum.
1218 4250 1409 4334 expendant
1444 4252 1581 4319 leetores
1609 4271 1721 4316 annon
1760 4271 1861 4334 aeque
1890 4250 1982 4333 bene,
2027 4270 2065 4316 ao
2093 4249 2194 4315 etiam

187 4336 230 4403 In
253 4355 318 4418 quo
339 4335 438 4401 etiam
452 4337 553 4403 finem
575 4336 721 4402 ostendit
742 4337 794 4402 sui
809 4337 1024 4419 apostolatus:
1047 4355 1165 4419 nempe
1218 4338 1336 4403 melius
1357 4336 1498 4421 quadret
1523 4337 1577 4404 hio
1599 4357 1730 4404 sensus:
1754 4336 1892 4418 Quoties
1915 4337 1962 4400 tui
1985 4334 2136 4401 reeordor
2158 4334 2193 4399 in

188 4432 228 4488 nt
249 4422 399 4490 homines
414 4421 550 4489 Ohriato
566 4420 716 4501 adderet,
738 4423 773 4488 in
789 4443 852 4506 quo
870 4424 973 4490 vitam
989 4422 1164 4507 reperiant.
1218 4423 1369 4506 praeibas
1402 4424 1493 4500 mais,
1526 4424 1560 4489 id
1589 4431 1699 4490 autem
1733 4420 1814 4489 tasio
1847 4421 2062 4505 continenter,
2093 4418 2193 4487 simul

188 4507 355 4592 Loquitur
383 4517 493 4575 autem
524 4507 698 4575 admodum
728 4510 868 4593 proprie,
897 4530 997 4592 quum
1028 4508 1165 4593 promis-
1218 4509 1315 4575 etiam
1340 4509 1380 4576 ds
1402 4518 1435 4575 ts
1456 4511 1579 4593 gratias
1601 4530 1620 4574 a
1644 4529 1672 4574 o.
1705 4507 1792 4574 Nam
1806 4507 1968 4592 partieula
1985 4505 2028 4585 ὡς
2042 4508 2194 4590 frequen·

188 4596 315 4662 sionem
330 4594 419 4660 ritae
440 4594 507 4661 ism
522 4593 599 4660 olim
621 4594 751 4677 quidem
769 4596 869 4663 luisse
891 4595 1001 4661 damm
1017 4593 1164 4679 patribus
1218 4596 1283 4660 tius
1315 4595 1362 4660 ita
1391 4597 1557 4679 assipitur.
1635 4601 1648 4661 t
1676 4614 1755 4661 sone
1776 4613 1816 4660 ee
1835 4592 1935 4659 adero
1955 4594 2094 4660 vesone
2114 4609 2192 4657 soo-

189 4681 357 4747 meminitt
379 4679 437 4746 sed
459 4679 562 4748 vitam
588 4690 699 4747 tamen
717 4681 807 4748 bano
828 4684 871 4748 in
894 4681 1072 4749 Christo
1093 4700 1165 4747 esse
1216 4681 1282 4747 uisi
1310 4681 1453 4765 frigidus
1484 4701 1596 4749 seram
1628 4680 1698 4747 elisi
1725 4683 1837 4763 potest.
1881 4678 2073 4746 Secundum
2106 4679 2192 4744 hane

189 4775 347 4833 testatur:
379 4774 418 4832 ut
449 4766 601 4846 soiamns,
632 4786 746 4833 eorum
767 4767 877 4849 fidem,
910 4769 966 4853 qui
998 4767 1060 4835 sub
1091 4765 1164 4850 lege
1218 4767 1455 4849 expositionem
1492 4768 1633 4852 prosatio
1670 4765 1804 4850 signum
1844 4766 1905 4831 erit
1944 4762 2191 4832 sollieitudinis:

190 4852 354 4930 vixerunt,
376 4852 527 4919 debuisse
548 4861 657 4919 tamen
679 4853 713 4918 in
737 4854 906 4920 Christum
928 4855 1106 4940 respirare:
1131 4860 1165 4917 et
1217 4853 1398 4937 gratiarum
1421 4853 1504 4920 sotio
1526 4855 1657 4938 signum
1678 4851 1804 4936 gaudii:
1831 4852 1909 4934 qnia
1930 4850 2054 4918 seilicet
2076 4848 2117 4916 de
2138 4848 2193 4915 'Pi-

189 4938 302 5016 vitam
316 4958 399 5020 quse
414 4938 684 5021 promissionibus
698 4940 934 5018 eontinebatur,
948 4941 1047 5007 luisse
1061 4937 1164 5023 quod·
1217 4939 1348 5005 motheo
1377 4959 1547 5023 nunquam
1568 4939 1740 5024 rogitabat,
1768 4936 1849 5022 quin
1870 4937 2022 5004 venirent
2043 4937 2079 5001 in
2100 4955 2191 5002 men·

189 5022 339 5089 ammodo
361 5044 564 5108 suspensam,
588 5026 692 5092 donee
713 5027 748 5091 in
771 5024 904 5092 Christo
925 5027 986 5092 luit
1005 5026 1163 5093 exhibita.
1217 5034 1283 5092 tem
1307 5025 1494 5108 prasolurae
1516 5026 1660 5092 virtutes
1681 5024 1799 5108 quibus
1821 5034 1956 5091 ornatus
1977 5025 2059 5089 erat.
2101 5020 2191 5087 Hine

274 5109 306 5176 2.
328 5108 450 5177 Dilecto
465 5109 544 5194 filio.
576 5109 650 5178 Hos
667 5113 797 5177 nomine
818 5134 884 5178 non
902 5133 1045 5179 amorem
1068 5112 1164 5179 modo
1217 5111 1447 5197 gratulationis
1487 5113 1633 5179 materia
1692 5110 1814 5178 Suavis
1850 5111 1939 5177 enim
1978 5113 2012 5176 et
2049 5106 2193 5174 ineunda

189 5216 285 5262 suum
308 5205 448 5264 testatur
469 5217 548 5282 erga
569 5196 788 5275 Timotheum,
810 5199 867 5265 sed
883 5201 1092 5266 autoritatem
1114 5197 1163 5264 illi
1214 5218 1345 5283 semper
1367 5207 1417 5266 est
1433 5197 1497 5283 piis
1519 5197 1678 5265 donorum
1697 5197 1760 5263 Dei
1781 5195 1972 5264 reeordatio.
2005 5194 2190 5278 Utrumque

187 5282 359 5351 oonsiliat:
381 5284 457 5369 quis
479 5285 514 5350 in
530 5305 578 5364 so,
600 5291 756 5368 tanquam
778 5285 813 5350 in
835 5306 992 5371 germana
1006 5306 1066 5351 sua
1088 5303 1162 5370 pro·
1215 5305 1312 5369 porro
1334 5295 1385 5354 est
1407 5305 1505 5352 verae
1526 5285 1772 5354 benevolentiae
1794 5292 2036 5370 argumentum.
2080 5278 2189 5346 Mss-

1217 3779 1311 3845 etiom
1332 3780 1368 3845 io
1389 3785 1427 3846 te.
