4740 6016
193 306 240 377 dd
819 301 965 372 emsa.
989 303 1135 371 PAULI
1157 303 1224 370 AD
1245 301 1590 372 Pmntt’rtttsus
2165 304 2216 371 m

193 495 344 566 Tantum
369 494 433 562 sihi
459 493 600 579 quisque
625 500 752 573 tarmt,
776 513 821 560 ue
847 493 920 558 iure
947 492 984 560 in
1009 493 1072 559 hoo
1092 500 1177 559 oeta·
1231 492 1364 579 morae).
1377 502 1508 576 pastore
1520 506 1670 558 oarsrent
1683 493 1739 576 qni
1754 504 1843 559 reate
1856 494 2072 576 eompasitum
2086 502 2215 561 muru

194 580 274 667 loga
310 594 493 649 oenseatur.
548 578 659 645 Velim
698 592 810 644 temon
845 578 928 644 mihi
959 576 1180 662 respondeant
1232 588 1388 644 tueretur.
1439 577 1557 643 Multis
1588 586 1702 644 autem
1729 576 1919 645 nominihus
1945 577 2216 663 Epaphroditum

242 667 355 750 pistae,
382 665 438 732 ubi
465 679 545 733 tuno
566 673 638 730 orat
658 664 794 731 Petrus:
821 685 918 749 quem
940 666 1085 748 oportuit
1106 684 1178 729 esse
1230 664 1340 748 ipsum
1373 669 1598 730 commendate
1632 662 1719 747 qnod
1750 665 1795 730 sit
1821 665 1926 730 irater
1951 675 1988 731 at
2014 664 2149 733 adiutor
2173 667 2221 732 ia

231 773 334 832 omae,
364 753 393 817 si
416 772 494 818 vera
524 753 586 833 ipsi
616 757 763 819 narrant.
806 751 839 818 0
867 751 961 815 triste
991 764 1024 817 et
1046 750 1176 816 foedum
1233 751 1362 835 negotio
1394 749 1566 834 evangelii,
1599 750 1684 834 qnod
1712 748 1758 814 sit
1785 748 1968 817 sommilito
1993 769 2082 819 suus.
2134 750 2217 834 Qua

197 838 340 923 elogium
358 836 444 921 quod
461 837 510 903 illi
526 835 652 905 Paulus
670 837 828 903 inureret.
863 836 1073 903 Fabulautur
1089 856 1178 920 ergo,
1231 856 1311 903 rooe
1332 836 1487 919 exprimit
1509 833 1616 919 qualis
1637 837 1683 901 sit
1702 835 1846 902 tunditis
1860 835 2089 904 ministrorum
2108 857 2217 905 ertu·t

219 944 299 997 num
332 925 464 1006 tingunt
495 923 652 989 sualmiae
683 942 843 988 romanae
875 933 956 988 tuno
986 923 1179 1004 praefuisse.
1232 921 1325 1006 getii:
1342 942 1461 1005 nempe
1479 932 1517 986 ut
1531 922 1566 987 in
1580 922 1736 988 eontinua
1750 921 2066 991 militiaverseutur.
2095 921 2217 1008 Nque

195 943 349 1078 duom
373 1010 417 1075 td
438 1016 571 1094 χριστοῦ
591 1009 705 1076 rooari
727 1009 883 1076 ecelesiae
903 1006 1179 1074 aedihoationemt
1233 1008 1319 1072 snim
1341 1008 1485 1090 patietur
1503 1008 1591 1089 ipsos
1609 1006 1715 1074 Satan
1732 1007 1941 1093 eranplium
1958 1007 2082 1095 ahsqoa
2096 1028 2219 1095 pugua-

196 1096 273 1181 quia
294 1104 374 1161 tuuo
392 1116 469 1161 rere
483 1102 553 1162 sius
575 1097 744 1179 negotium
765 1094 905 1180 egimus,
925 1113 1028 1177 quom
1049 1093 1177 1161 lahora-
1233 1113 1436 1177 promovere
1472 1090 1604 1161 Bellum
1626 1093 1730 1178 igitar
1743 1092 1985 1162 iudietumsibi
2001 1114 2042 1163 as
2056 1105 2219 1180 paratum·

195 1200 272 1260 nae
291 1179 328 1246 in
349 1181 530 1253 sxaolende
549 1181 623 1249 eius
644 1182 751 1247 vinea.
1232 1179 1349 1259 uiant,
1370 1180 1426 1261 qui
1447 1180 1489 1244 ad
1511 1178 1668 1247 eosleeiae
1688 1179 1946 1247 aedifieationem
1965 1199 2003 1249 se
2022 1181 2212 1266 miagnt.

208 1344 212 1350 ,
283 1264 338 1334 22.
357 1265 460 1334 Parra
475 1267 729 1350 mireum
763 1262 970 1334 severtium
987 1273 1047 1345 est,
1066 1264 1179 1349 proha·
1232 1263 1295 1331 ltu
1334 1265 1465 1349 quidem
1502 1264 1564 1332 hoo
1600 1264 1804 1334 Christianis
1837 1266 1990 1333 omnihus
2028 1285 2215 1352 munuae

197 1351 322 1433 donem
344 1354 415 1419 eius
432 1353 645 1436 adgnoscitis:
667 1350 731 1417 nisi
748 1351 843 1418 malis
860 1350 1179 1436 imperativomodo,
1232 1370 1359 1417 merere
1388 1351 1421 1416 iu
1445 1348 1571 1418 Christi
1597 1351 1730 1419 aestrist
1757 1352 1837 1436 quia
1863 1352 2012 1419 omnium
2035 1351 2140 1420 hostis
2159 1362 2216 1421 stt

196 1437 404 1524 sognosoits:
435 1436 508 1524 (vix
536 1440 625 1504 enim
656 1456 718 1519 per
755 1449 886 1523 tempor
916 1437 1178 1519 experimentum
1232 1435 1348 1503 Satan.
1385 1436 1511 1502 Verum
1530 1457 1609 1520 prae
1622 1435 1696 1505 aliis
1716 1436 1857 1522 spsoials
1877 1436 1912 1503 id
1931 1437 2022 1505 rerhi
2039 1437 2215 1522 arithmis,

194 1544 315 1610 opere
337 1523 487 1608 lieuerat)
508 1523 566 1590 sed
587 1525 623 1589 in
641 1543 682 1590 eo
699 1544 814 1607 param
833 1535 886 1590 est
901 1524 1071 1590 momenti.
1104 1521 1181 1596 Eoo,
1232 1521 1288 1606 qui
1313 1522 1447 1588 ordines
1475 1522 1600 1589 dnount
1624 1543 1663 1590 ao
1684 1522 1873 1607 praeierunt
1894 1522 2065 1591 vexillum.
2109 1522 2212 1591 Pras·

196 1610 372 1695 praeaipne
401 1610 597 1694 notandum,
625 1610 710 1693 quod
732 1610 811 1675 fidei
832 1620 867 1675 et
887 1610 1065 1675 modestiae
1087 1610 1177 1674 testi·
1232 1609 1326 1691 eipus
1354 1621 1466 1675 tamen
1488 1609 1609 1675 laetare
1630 1629 1692 1675 sua
1712 1607 1878 1692 stipendia
1897 1607 1991 1676 liduit
2012 1608 2126 1690 Paulo,
2154 1609 2214 1695 qai

195 1697 346 1763 menium
367 1695 476 1763 reddit
489 1695 674 1763 timotheo.
714 1693 812 1761 tinet
833 1695 998 1778 estquod
1021 1697 1056 1762 iu
1079 1715 1178 1761 eran·
1232 1695 1324 1760 omni
1350 1714 1470 1780 genere
1492 1693 1688 1779 praeliorum
1710 1713 1816 1780 usque
1836 1693 1879 1761 ad
1899 1694 2096 1763 miraeum
2114 1713 2214 1764 exn·

196 1780 322 1883 galium
351 1788 492 1848 testatur
520 1782 676 1849 serviisse
703 1801 825 1850 manno.
867 1781 959 1848 Talis
986 1782 1074 1847 enim
1101 1801 1179 1848 oon·
1232 1783 1351 1847 oitatus
1387 1781 1458 1848 init.
1512 1779 1646 1847 Laudat
1676 1781 1779 1866 igitur
1809 1779 1882 1866 Bpa
1908 1779 2089 1863 hroditaur,
2125 1776 2214 1866 gurd

195 1867 325 1935 tuaatio
350 1868 484 1952 signnm
513 1878 586 1934 erat
615 1886 712 1934 rarae
739 1866 947 1934 sineeritatis.
997 1864 1179 1933 hlodsstlae
1232 1886 1366 1933 suorum
1385 1866 1602 1933 sertamiunm
1620 1867 1728 1934 sorim
1744 1866 1853 1933 luerit
1883 1801 2016 1933 damen
2034 1865 2212 1951 ephstsli

334 1952 960 2105 taett·
974 1951 1178 2105 ..ten
1233 1950 1606 2122 οοοοο
1624 1950 2217 2125 steteramus

195 2118 278 2192 ruit
311 2124 399 2190 enim
422 2124 565 2191 seeonlis
593 2123 746 2191 omnibus
777 2087 864 2191 rare’.
906 2123 1015 2190 Hodie
1043 2139 1179 2207 quotus·
1232 2120 1533 2206 aPttiippeusidut
1552 2125 1650 2190 mirso
1671 2124 1825 2209 deripere:
1845 2129 1882 2190 ut
1900 2124 2090 2192 omittetur
2106 2123 2213 2210 lepus—

195 2210 543 2363 οοοοοο
564 2209 1180 2363 tlteaeternitati.
1231 2207 2049 2398 ..demittente
2064 2208 2216 2365 οο

197 2387 329 2449 uelut
358 2396 459 2464 atque
491 2379 617 2448 ebullit.
679 2380 755 2450 Hos
788 2380 857 2448 loeo
890 2386 930 2447 nt
960 2381 1075 2447 multis
1108 2381 1181 2447 eliis
1233 2382 1334 2448 Ponit
1356 2382 1454 2445 etiam
1477 2381 1657 2447 intersint
1679 2381 1801 2461 laudes,
1854 2380 1918 2447 uod
1940 2381 2003 2449 sibi
2023 2401 2063 2448 ta
2082 2399 2215 2450 eam

198 2469 365 2553 struimus
385 2488 485 2551 qnam
507 2466 621 2535 sedulo
641 2468 712 2551 pios
730 2468 899 2534 ministros
916 2487 1036 2534 ornere
1055 2466 1181 2534 Paulus
1234 2467 1489 2533 ministraverit:
1511 2486 1575 2550 que
1599 2466 1697 2534 dere
1719 2488 1796 2534 mox
1819 2403 1945 2552 plenius
1967 2464 2105 2536 ditetur.

197 2550 346 2620 uudeu:
383 2573 492 2636 oeque
529 2565 596 2619 tam
629 2554 776 2638 ipsorum
809 2573 922 2638 oauss,
961 2574 1059 2636 quam
1093 2553 1179 2636 quod
1320 2553 1372 2618 26.
1395 2550 1607 2618 Desideradat
1620 2573 1683 2620 ros.
1720 2551 1862 2639 Signum
1880 2554 1951 2619 vari
1966 2555 2110 2637 pastoris
2125 2553 2215 2637 quod

195 2640 302 2706 totius
315 2638 471 2705 eoelesiae
485 2640 625 2707 intereat
638 2640 720 2707 tales
734 2640 841 2706 amari
854 2650 887 2705 et
899 2638 973 2719 ooli,
987 2659 1181 2723 summeque
1232 2658 1334 2722 quum
1363 2637 1477 2723 proonl
1505 2642 1642 2721 abesset,
1672 2639 1789 2723 pioque
1809 2638 1918 2706 olfieio
1939 2639 2055 2708 rolens
2075 2639 2213 2707 distine-

197 2724 376 2793 aatoritate
398 2724 529 2807 pollere.
1233 2737 1334 2806 retur,
1369 2733 1480 2790 tamen
1512 2725 1714 2791 alhoiehator
1741 2726 1852 2810 gregis
1879 2725 1931 2791 sui
1960 2745 2039 2792 eura
2065 2732 2100 2791 et
2127 2723 2212 2792 δι’·

286 2809 340 2876 24.
365 2808 491 2891 &addo
516 2809 599 2893 guod
619 2811 696 2892 ipse.
737 2811 813 2879 Hoo
833 2829 964 2894 qnoque
983 2810 1109 2889 adierit,
1139 2830 1181 2876 ne
1234 2810 1339 2877 derio:
1370 2830 1537 2895 quumque
1566 2811 1765 2896 intelligeret
1792 2832 1853 2878 sna
1881 2830 1980 2879 eausa
2006 2811 2119 2879 tristes
2138 2830 2215 2879 asts

199 2902 358 2980 putarent
386 2895 510 2978 aliquid
536 2897 704 2981 aeoidiase,
725 2897 810 2981 qnod
840 2897 1058 2980 promotionis,
1087 2896 1182 2962 ouius
1233 2918 1329 2978 ores,
1359 2897 1480 2963 anxius
1512 2907 1583 2961 erat
1615 2897 1759 2980 ipsarum
1792 2898 1913 2963 dolore
1967 2896 2127 2964 Vieissim
2158 2897 2216 2982 pia

199 2983 293 3068 prius
314 2981 521 3056 meminerat.
552 2981 725 3049 eonsilium
748 2998 907 3049 mutaret:
936 3002 1058 3064 seraper
1077 2987 1182 3049 tamen
1233 2983 1497 3064 Philippensium
1520 2981 1705 3049 sollioitndo
1727 3003 1787 3067 pro
1807 2993 1939 3068 pastore
1959 3002 2020 3049 suo
2034 2982 2213 3050 iudisatur.

198 3067 257 3135 stat
285 3067 458 3134 aortditioae
479 3067 635 3150 loquitur:
666 3065 706 3135 et
727 3068 867 3137 Dossiuo
881 3067 1049 3153 plaeuue't.
1094 3068 1182 3134 Nasu
1319 3068 1372 3135 27.
1403 3067 1467 3134 Sed
1493 3066 1584 3133 Deus
1610 3068 1759 3135 misenus
1785 3075 1832 3136 est
1855 3067 1955 3136 iiliata
2003 3067 2214 3136 (invitm

199 3153 259 3237 etri
284 3152 496 3220 liberationem
518 3176 540 3222 a
561 3151 701 3220 Domino
721 3155 877 3238 meatu,
905 3155 1050 3222 diximus
1070 3158 1182 3235 taurea,
1234 3153 1339 3221 morbi
1373 3164 1593 3238 expresserat,
1625 3154 1709 3237 quod
1742 3175 1846 3240 nsque
1877 3155 1919 3222 ad
1949 3153 2213 3238 desperationem

221 3239 279 3305 uia
307 3239 396 3305 sulio
422 3244 490 3306 erat
515 3245 601 3306 oerto
623 3242 811 3325 pruuisaio,
837 3239 919 3307 laese
943 3258 1032 3323 spem
1053 3242 1183 3307 minime
1234 3243 1321 3307 vitae
1349 3251 1553 3323 aegrotasset
1574 3240 1834 3324 Epaphroditum
1865 3250 1904 3307 ut
1928 3240 2053 3309 olarius
2073 3241 2215 3308 enimet

213 3324 303 3391 uisse
330 3324 443 3409 fitam,
475 3326 530 3392 ted
562 3328 658 3409 quasi
687 3347 872 3410 maurusam
904 3346 943 3392 ea
975 3345 1093 3394 areoru
1117 3325 1183 3392 Dei
1233 3325 1298 3392 Dei
1328 3327 1458 3393 bouitas
1486 3326 1520 3390 in
1550 3324 1678 3393 reddita
1705 3328 1856 3394 unitate.
1902 3325 1971 3395 Sed
1999 3325 2122 3393 mirum
2150 3334 2215 3411 stt,

1233 3414 1418 3496 apostolum
1451 3423 1664 3497 prorogatum
1704 3412 1930 3498 Epaphrodito
1962 3412 2051 3480 ritae
2081 3417 2215 3497 tempu

1233 3499 1391 3581 deputare
1419 3499 1454 3562 in
1481 3498 1545 3563 Dei
1571 3498 1808 3565 miserirordia:
1837 3519 1940 3584 quum
1968 3507 2047 3566 ante
2073 3507 2214 3566 tum

287 3580 342 3649 26.
364 3573 468 3650 Porro
494 3584 706 3651 usurariam
726 3584 907 3651 witmau
928 3582 1183 3665 Epaphroditum
1234 3587 1278 3651 eit
1306 3597 1445 3650 mortem
1473 3604 1510 3650 se
1540 3596 1744 3667 praeoptare.
1788 3585 1835 3652 tte
1861 3584 1940 3669 quid
1968 3583 2090 3652 melias
2117 3580 2215 3652 uobis

197 3667 345 3820 mm,
363 3673 392 3733 et
405 3672 630 3753 maurium,
649 3669 925 3737 eteorumitt'taueat
937 3689 1050 3749 meum,
1065 3675 1184 3750 aposto·
1235 3690 1332 3754 qnam
1361 3691 1403 3737 ex
1435 3669 1627 3756 totmundi
1649 3671 1815 3738 aerumnis
1837 3671 1992 3739 liberatos
2012 3670 2161 3757 migrare
2176 3669 2214 3735 iu

299 3758 405 3820 autem
432 3760 579 3836 autrum
610 3759 638 3822 et
668 3756 850 3822 ministrum
880 3757 1072 3823 tumulatis
1097 3775 1184 3820 ureae
1233 3776 1374 3840 regnum
1403 3752 1491 3821 Dei?
1539 3754 1720 3840 Praeoipue
1748 3776 1828 3824 roro
1855 3769 1987 3841 ereptos
2013 3777 2057 3823 ex
2086 3755 2215 3842 passati

197 3843 321 3908 sarm
349 3840 394 3905 od
421 3860 484 3907 ooe.
534 3842 587 3908 26.
622 3839 879 3923 Quandoquidem
905 3841 1102 3909 desiderabat
1129 3860 1184 3907 aaa
1233 3843 1403 3924 servitute,
1424 3841 1459 3906 iu
1482 3860 1548 3924 qna
1568 3860 1605 3907 ss
1622 3844 1778 3909 miserum
1795 3861 1868 3910 etse
1884 3842 1963 3909 alibi
1979 3840 2092 3931 (Rom.
2109 3840 2141 3925 7,
2155 3838 2216 3929 at)

200 3945 316 4010 muts,
332 3929 362 3990 et
378 3932 446 3992 erat
462 3929 581 3995 aaeiua
597 3929 711 4011 astrui,
723 3933 891 4011 propterea
907 3928 989 4010 quod
1006 3927 1183 3994 audieratis
1233 3926 1407 4008 exclamet,
1440 3926 1569 4011 plenius
1599 3927 1665 3994 irui
1698 3927 1849 3995 libertate
1881 3929 2029 4013 spiritus,
2058 3948 2124 4012 qua
2153 3927 2213 3994 ad·

195 4012 305 4179 ’ζειν
337 4010 535 4094 infirmatum
557 4013 676 4114 [αἱοοο.
730 4013 784 4079 27.
816 4011 861 4080 Et
893 4019 972 4080 certe
1000 4012 1183 4114 &emotus
1234 4014 1427 4113 haereamus
1467 4014 1533 4114 lilio
1571 4013 1645 4080 Dei.
1702 4014 1870 4116 Longum.
1897 4024 1986 4082 esset
2015 4032 2215 4117 οωφπᾳο

197 4101 442 4284 ...οοο
469 4105 568 4286 ο.
591 4119 723 4285 οο
749 4097 943 4253 ..tte
962 4103 1183 4285 οοοο
1233 4099 2214 4271 ..utut

196 4273 362 4336 &adstruat
392 4290 491 4352 stater
518 4275 683 4338 tuottttam
712 4270 863 4338 tatem.
916 4271 968 4337 28.
998 4270 1181 4337 Studeasaus
1232 4272 1316 4337 nihil
1345 4293 1442 4356 qoem
1465 4292 1614 4338 misertas
1635 4284 1765 4338 nostrae
1785 4273 1963 4358 prorogat?
2005 4270 2213 4355 Respuadsa.

197 4355 305 4436 &aas
324 4355 403 4421 ruiti
424 4356 527 4437 illum,
555 4361 592 4422 ut
611 4377 646 4423 eo
661 4358 731 4424 uiso
752 4377 870 4424 nutus
883 4358 1062 4441 gaudeatis,
1084 4362 1112 4422 et
1128 4375 1182 4441 ego
1233 4356 1313 4424 haee
1341 4358 1452 4423 omnia
1480 4379 1547 4423 non
1574 4357 1702 4425 ethaers
1723 4357 1804 4441 qniu
1827 4366 1939 4423 tamen
1962 4357 2030 4426 rita
2051 4357 2135 4425 haas
2153 4376 2214 4442 pst

197 4441 303 4524 nugis
322 4461 429 4508 autem
449 4443 569 4510 dolore.
606 4443 659 4511 29.
680 4442 831 4525 Excipite
851 4463 926 4526 ergo
946 4443 1037 4508 mum
1058 4443 1094 4509 is
1114 4441 1182 4508 Do·
1232 4465 1268 4509 se
1290 4445 1463 4509 aestimata
1485 4441 1689 4526 presulatum
1710 4445 1754 4510 sit
1772 4441 1838 4508 Dei
1860 4443 2064 4511 benshoium.
2112 4440 2216 4510 Pras·

197 4526 286 4595 οὑν
312 4544 384 4593 aaut
408 4530 494 4596 omui
518 4528 654 4614 paedia:
680 4534 709 4595 st
734 4530 791 4611 qui
817 4528 896 4595 talea
915 4534 1000 4614 sust,
1027 4529 1063 4594 itt
1080 4528 1182 4612 pretio
1232 4529 1345 4595 sertim
1369 4530 1425 4612 qui
1447 4527 1582 4595 Christo
1603 4532 1733 4605 vivunt,
1758 4527 1893 4612 seiieiter
1912 4528 1967 4599 lit
1984 4530 2021 4597 t'tt
2039 4544 2128 4613 spat
2147 4545 2213 4598 ter·

197 4602 320 4679 dadau
363 4611 416 4679 30.
438 4616 516 4697 guia
531 4619 664 4697 propter
683 4634 763 4697 opus
781 4613 902 4682 etuas·
922 4634 1023 4699 tuque
1041 4615 1085 4682 ad
1100 4634 1182 4680 ntor·
1232 4614 1320 4682 testis
1332 4615 1662 4698 glariaeeeereerter:
1677 4614 1806 4698 ideque
1819 4615 1861 4681 iis
1875 4614 1977 4683 vitam
1992 4614 2085 4683 laoro
2099 4606 2214 4703 Μ’)

196 4702 261 4781 ten
288 4699 427 4784 ooeeesit,
454 4720 611 4785 expauere
626 4700 770 4784 micula
790 4702 942 4786 auarum,
968 4707 1005 4767 ut
1025 4700 1183 4785 suffiaeret
1226 4701 1328 4786 paulo
1348 4706 1419 4767 aute
1438 4700 1585 4767 uidimus.
1622 4699 1754 4767 Deinde
1773 4700 1863 4767 aliud
1884 4701 1987 4768 etiam
2002 4699 2212 4769 sonudtm

197 4784 281 4869 guad
301 4785 409 4852 deoru
427 4792 527 4854 oestro
547 4806 624 4870 erga
645 4807 694 4854 au
714 4787 899 4854 ademario.
1233 4790 1310 4854 dum
1338 4800 1398 4865 est,
1428 4808 1494 4853 non
1522 4806 1595 4853 esse
1624 4807 1760 4870 parram
1788 4785 2015 4871 dignationem
2040 4805 2149 4872 quau
2168 4806 2214 4855 se

1231 4873 1325 4941 Dens
1353 4873 1390 4938 in
1419 4872 1513 4939 nohis
1534 4872 1708 4958 gloridstt.
1750 4871 1825 4940 Nun
1847 4884 1917 4939 tau
1937 4873 2029 4940 sui·
2048 4873 2213 4960 respism

285 4956 338 5024 th
366 4955 632 5042 Epaphroditum.
680 4957 856 5043 Postquam
887 4957 963 5028 illos
988 4960 1095 5027 erexit
1121 4979 1182 5026 auo
1232 4960 1337 5027 ritem
1359 4959 1465 5043 ipsam
1486 4959 1653 5044 eonvenit,
1671 4977 1770 5043 quan
1790 4958 1925 5026 risendi
1947 4958 2058 5028 sun.

197 5050 236 5110 st
250 5042 414 5110 'timothei
436 5045 583 5111 tdrentu
602 5047 776 5130 promisso,
796 5045 832 5111 iu
851 5047 1036 5130 praeseutia
1052 5065 1181 5130 quoque
1231 5101 1438 5112 ...-

197 5129 318 5208 nunit,
340 5129 604 5213 Epaphroditum
627 5133 860 5216 praemittens:
882 5153 926 5199 ne
946 5132 1079 5198 interim
1101 5133 1180 5197 dum
1319 5171 1328 5203 ι
1357 5163 1512 5222 Hm„
1528 5180 1556 5220 ι
1576 5162 1643 5220 1⁶52
1660 5164 1916 5234 mm,

196 5232 312 5301 rarum
340 5233 477 5283 sumum
497 5218 619 5285 osrtior
639 5215 739 5287 tiebat
758 5217 856 5304 (hasa
876 5219 965 5284 euim
987 5238 1089 5286 mura
1106 5227 1180 5285 stat
1318 5165 1343 5304 ’ζ
1357 5233 1418 5291 dtu
