4762 6016
185 397 249 470 433
1067 397 1219 468 ouPuu
1239 397 1305 466 111.
2122 400 2189 469 434

186 596 318 662 iubetur
338 594 442 675 Titus,
472 594 545 660 aliis
573 593 713 671 omissis,
742 595 833 677 haee,
863 614 947 678 quaa
969 601 1057 661 oerta
1086 601 1163 658 sunt
1215 591 1341 671 modus,
1364 601 1401 659 ut
1421 601 1532 659 teneas
1554 591 1639 676 quod
1662 600 1712 658 est
1733 592 1811 658 utile
1829 594 1979 676 eognitu:
2002 592 2129 679 deinde,
2151 603 2190 661 ut

186 690 221 748 et
240 679 383 758 indubia,
406 681 545 758 tradere,
568 680 648 747 haee
670 700 798 764 urgere,
820 680 873 745 his
894 681 1061 746 insistere:
1084 679 1162 744 dum
1215 679 1302 746 fixus
1323 679 1359 743 in
1377 678 1555 744 veritates
1603 679 1647 742 ita
1669 698 1812 743 maneas.
1850 676 1916 759 Qui
1934 687 2044 744 autem
2061 681 2190 748 duriose

187 766 245 834 alii
267 765 428 833 derebus
458 765 552 832 vanis
578 764 775 832 fabulantur.
817 764 914 833 Unde
942 766 1043 831 etiam
1071 763 1161 830 oolli·
1215 764 1324 829 omnia
1353 765 1525 848 vestigent,
1578 762 1671 829 einde
1701 784 1861 847 nusquam
1889 766 2082 846 oonsistunt,
2110 786 2190 833 vere

188 853 307 938 munus,
322 872 388 919 non
403 862 527 917 temere
541 850 670 935 quidvis
684 850 894 918 asserendum
912 872 983 918 esse
998 851 1161 935 episoopo:
1215 858 1292 914 sunt
1309 850 1548 933 quaestionarii.
1581 848 1732 932 Denique
1750 851 1838 932 quod
1853 850 2026 933 praeeipue
2043 851 2078 915 in
2093 850 2191 918 laude

188 937 246 1006 sed
267 957 405 1021 quorum
427 937 476 1002 illi
498 947 664 1021 eomperta
685 945 735 1002 est
757 938 888 1003 veritas.
920 936 1023 1018 Haeo,
1046 936 1162 1019 inquit,
1216 934 1339 1001 duount
1366 933 1495 1002 subolae
1522 934 1722 1012 sorbonioae,
1751 935 1925 1001 damnatur
1953 935 2009 1001 hio
2035 955 2054 1000 e
2076 936 2189 1004 Paulo.

188 1024 337 1091 affirma:
367 1021 521 1107 quoniam
555 1042 636 1089 vera
668 1029 747 1089 suut
775 1043 813 1089 ao
845 1024 909 1088 fide
941 1021 1052 1106 digna.
1095 1019 1162 1088 Sed
1215 1021 1301 1086 'Pota
1337 1021 1425 1086 enim
1463 1023 1665 1105 papistarum
1701 1021 1865 1106 theologia
1901 1020 1984 1087 nihil
2016 1025 2069 1089 eat
2101 1022 2191 1089 aliud

188 1130 321 1176 rursum
343 1109 559 1174 admonemur
580 1108 642 1174 hoo
664 1127 735 1174 esse
756 1108 896 1193 episoopi
919 1109 1071 1190 offitium,
1097 1108 1162 1173 lor·
1216 1126 1315 1191 quam
1336 1106 1563 1191 quaestionum
1584 1105 1805 1190 labyrinthus.
1849 1105 1979 1173 Stultas
1998 1113 2103 1192 voest,
2126 1128 2191 1175 uon

189 1195 265 1261 titer
287 1215 324 1262 ao
353 1204 488 1261 strenue
515 1194 679 1259 affirmare
709 1214 747 1259 ao
768 1195 854 1261 tueri
882 1213 964 1277 quae
994 1206 1027 1260 et
1055 1198 1164 1261 oertee
1217 1191 1302 1274 quod
1332 1192 1437 1274 primo
1467 1192 1623 1276 adspeetu
1652 1192 1943 1276 talesappareant
1970 1191 2064 1278 (quin
2094 1214 2192 1277 saepe

189 1291 269 1348 sunt
290 1281 376 1360 fidei,
398 1291 432 1346 ot
453 1279 608 1363 pietatem
628 1278 809 1346 aedifioeut
1216 1277 1308 1343 inani
1325 1278 1503 1361 sapientiae
1525 1279 1742 1344 ostentatione
1762 1277 1904 1365 fallunt),
1928 1279 1985 1344 sed
2007 1279 2084 1364 quia
2105 1278 2188 1345 nihil

278 1366 345 1450 Quo
373 1365 462 1432 botis
491 1363 643 1449 apotolus.
688 1363 925 1449 Compleutitur
954 1383 1165 1448 quaeeunque
1217 1363 1260 1429 ad
1277 1363 1431 1445 pietatem
1448 1363 1644 1431 oonduount.
1676 1362 1789 1444 Quum
1804 1362 1896 1430 addit
1918 1363 2187 1450 genealogias,

192 1453 232 1520 de
254 1452 507 1534 uuiuaouiusque
527 1451 635 1518 olfioio
659 1458 694 1516 et
725 1451 766 1515 de
787 1448 895 1517 studio
918 1451 970 1534 pie
991 1457 1166 1533 sanoteque
1217 1449 1358 1533 speeiem
1375 1465 1477 1515 unam
1494 1449 1671 1515 stultarum
1684 1449 1909 1532 quaestionum
1924 1451 2028 1534 ponit,
2050 1451 2193 1537 exempli

192 1536 324 1608 vivendi
345 1543 422 1603 aute
443 1535 617 1604 disseruit:
646 1557 684 1602 ao
705 1536 734 1602 si
755 1536 820 1603 Dei
842 1536 992 1602 timorem
1019 1557 1057 1603 ao
1078 1543 1165 1602 reate
1218 1554 1331 1616 oause,
1369 1535 1447 1600 dum
1479 1534 1604 1603 aeilioet
1635 1534 1756 1602 ouriosi
1788 1533 1939 1601 homines
1972 1535 2117 1604 frustum
2149 1557 2192 1604 ex

191 1621 1166 1792 ttmiltitutttitttd“tutudisti-tt.
1219 1621 1321 1791 {tlt
1340 1619 2099 1791 li⁸t.”t.t¹¹l3‘⁰.¹¹3tlttl⁸‘,tull
2117 1624 2193 1774 tl·

193 1815 329 1878 operum
350 1813 462 1860 ouram
484 1792 628 1859 habeant
649 1795 705 1877 qai
726 1754 935 1860 orddiderunt
956 1794 1038 1859 Deo.
1083 1791 1165 1860 (lae-
1220 1803 1301 1876 gent
1321 1791 1443 1875 absque
1464 1791 1583 1859 fruetu.
1654 1812 1757 1876 equa
1773 1755 1922 1859 vanitale
1939 1791 2082 1860 diximum
2098 1793 2192 1860 initio

192 1890 298 1947 terum
326 1879 479 1963 quoniam
501 1878 638 1946 verbum
660 1877 875 1965 προίστασθαι
897 1879 988 1945 varie
1009 1878 1167 1962 aooipitur
1220 1877 1337 1960 prioris
1370 1877 1525 1963 epistolae
1555 1877 1596 1943 ad
1627 1878 1848 1944 Timotheum.
1899 1876 2194 1948 contentiones

192 1964 278 2050 apud
301 1963 454 2043 Graeooa,
482 1964 537 2031 hio
558 1984 686 2049 quoque
712 1964 804 2032 loeus
832 1965 979 2032 diversas
1007 1966 1166 2046 interpre·
1219 1963 1338 2029 merito
1381 1963 1547 2048 adiungit:
1589 1963 1675 2046 quia,
1712 1983 1814 2046 quum
1850 1963 1983 2029 ambitio
2017 1975 2134 2049 regnet
2158 1966 2194 2032 in

192 2053 332 2118 tationes
347 2049 501 2119 admittit
530 2050 788 2135 Ohrysostomus
803 2052 947 2133 exponit,
961 2058 998 2117 ut
1013 2050 1168 2116 studeant
1220 2049 1472 2132 quaestionibus,
1502 2049 1574 2115 fieri
1601 2070 1669 2115 non
1691 2057 1799 2134 potest
1820 2050 1900 2134 quin
1923 2070 1999 2115 mox
2021 2060 2196 2134 erumpant

192 2136 410 2222 eleemosynis
430 2135 544 2203 iuvare
563 2138 739 2220 proximos.
761 2137 824 2202 Est
844 2136 976 2221 quidem
997 2133 1167 2222 ttpolototo·
1220 2134 1257 2200 in
1285 2134 1528 2201 eontentionem
1558 2142 1591 2199 et
1618 2136 1725 2201 rixas:
1754 2133 1828 2201 vult
1857 2135 1944 2201 enim
1970 2135 2037 2201 illio
2058 2136 2202 2220 quisque.

192 2221 253 2288 θαι
273 2221 440 2289 interdum
462 2221 548 2287 serre
568 2242 681 2305 opem:
703 2223 759 2288 sed
782 2233 862 2288 tune
877 2224 1076 2289 oonatruotio
1098 2220 1167 2286 exi·
1222 2221 1364 2287 vincare.
1400 2219 1477 2288 Huo
1494 2219 1619 2286 eooedit
1635 2220 1772 2287 audaoia
1789 2219 1829 2285 de
1846 2220 1944 2287 rebus
1958 2221 2092 2288 insertis
2106 2221 2194 2288 affir-

192 2314 286 2394 geret
303 2318 341 2374 ut
354 2307 441 2373 bona
455 2328 553 2392 opera
567 2307 791 2391 intelligamus
805 2308 930 2373 iuvari:
948 2307 1034 2390 quod
1049 2306 1167 2373 durum
1221 2304 1344 2385 mandi,
1372 2326 1454 2390 quae
1476 2306 1660 2373 neeessario
1681 2305 1849 2373 eonfliotus
1870 2315 1990 2373 movet
2034 2306 2195 2391 Pugnae

192 2398 287 2461 esset.
331 2392 452 2461 Melius
473 2392 647 2478 quadraret
668 2393 881 2475 promovendi
902 2392 1049 2472 verbum,
1081 2391 1168 2476 quod
1222 2391 1370 2476 legales
1392 2392 1501 2458 odiose
1523 2401 1629 2473 vooat,
1650 2412 1733 2476 quae
1754 2392 1837 2476 legis
1858 2398 2032 2475 praetextu
2053 2394 2194 2460 oonoita·

192 2479 308 2565 galbes
328 2477 465 2547 dioimus
487 2479 704 2546 advanoer.
749 2477 837 2559 Quid
866 2480 894 2543 si
921 2479 1081 2545 dieamus:
1111 2477 1167 2543 Iu·
1222 2478 1343 2544 bantur
1371 2477 1560 2545 aIudaeis:
1590 2499 1657 2544 non
1684 2477 1849 2561 quodlex
1872 2498 1990 2544 essex
2012 2497 2048 2544 se
2069 2478 2196 2563 gignat,

194 2565 278 2632 tenti
300 2565 389 2631 sint?
412 2575 448 2629 ut
469 2565 525 2648 qui
546 2563 788 2646 praeleoturam
808 2574 940 2648 gerunt:
964 2584 1047 2647 quae
1069 2563 1168 2629 etiam
1221 2564 1277 2629 sed
1307 2563 1383 2647 quia
1412 2563 1469 2641 illi,
1498 2562 1580 2647 legis
1609 2563 1831 2630 defensionem
1853 2564 2053 2642 simulantes,
2082 2563 2195 2630 turba·

193 2672 260 2718 una
281 2662 331 2717 est
352 2650 447 2717 verbi
467 2649 674 2735 signifieatio.
708 2649 780 2715 Nisi
796 2650 872 2733 quis
893 2649 985 2716 malit
1001 2650 1085 2733 quod
1108 2669 1169 2734 ego
1222 2648 1302 2725 bant
1324 2669 1436 2733 paoem
1458 2649 1614 2716 eoelesiae
1636 2650 1854 2732 praeposteris
1876 2649 1944 2715 suis
1962 2649 2196 2717 oertaminibus

193 2737 228 2837 ip
250 2736 399 2821 margine
414 2735 556 2819 apposui,
578 2744 693 2800 aurant
707 2734 800 2802 bonis
816 2736 969 2835 operibus
985 2736 1063 2836 dare
1077 2737 1168 2819 prin·
1221 2734 1262 2800 de
1283 2733 1562 2836 eaeremonierum
1579 2734 1816 2816 observatione,
1837 2735 1878 2799 ds
1894 2733 2038 2817 oiborum
2057 2734 2195 2816 deleotu,

192 2820 481 2991 ῗξιῖιὲῗιοςῗίξο
491 2820 1170 2992 ι,ιοιιηῖιιιιξηιιιθιοιοι31ιιιν,θξιιιιίιιιῃξιοὲιιιιῖςθιποιιῗξ
1221 2830 1254 2887 et
1275 2819 1505 2972 &wallum
1531 2904 1670 2971 inutiles.
1714 2906 1804 2990 Ergo
1825 2906 1861 2970 in
1891 2905 2039 3005 doetriua
2067 2926 2196 2988 semper

194 2992 251 3075 qui
273 2989 409 3058 soleant.
441 2990 617 3076 Utounque
640 3000 749 3057 autem
772 2991 927 3078 ambigua
948 2993 991 3058 sit
1012 2992 1169 3076 loquutio,
1221 2991 1347 3059 utilitas
1367 2991 1543 3075 speetande
1560 3000 1626 3056 est:
1649 2999 1686 3057 ut
1705 2990 1864 3074 quidquid
1881 2990 1923 3056 ad
1940 3000 2095 3075 pretatem
2112 2991 2196 3057 nihil

193 3098 286 3144 mens
307 3076 405 3159 Pauli
426 3077 508 3145 satis
528 3077 639 3161 liquet,
665 3078 765 3142 linem
786 3097 857 3143 esse
878 3078 1075 3145 christianae
1098 3077 1169 3145 doo-
1222 3078 1357 3158 oonfert,
1386 3077 1476 3143 nullo
1505 3077 1548 3141 sit
1575 3075 1653 3142 loeo.
1697 3076 1812 3160 Neque
1841 3086 1953 3143 tamea
1981 3077 2117 3144 dubium
2147 3085 2198 3143 est

195 3164 311 3243 trinae,
339 3172 378 3229 ut
397 3183 432 3230 ae
461 3162 555 3229 bouis
577 3162 729 3247 operibus
751 3174 925 3228 exerceant
952 3164 1074 3230 fideles.
1117 3163 1172 3229 Ita
1223 3164 1301 3247 quin
1323 3162 1490 3246 sophistae
1511 3162 1570 3242 illi,
1589 3161 1629 3226 de
1649 3163 1747 3229 rebus
1763 3162 1857 3228 nihili
1875 3161 2060 3247 garriendo,
2080 3162 2197 3246 dignas

195 3250 270 3318 vult
291 3270 346 3316 eos
367 3247 512 3314 studium
535 3271 630 3315 suum
649 3267 823 3332 eurumque
844 3249 909 3314 huo
927 3249 1097 3334 applioare.
1126 3249 1172 3315 Et
1222 3251 1258 3314 in
1280 3249 1394 3332 primia
1416 3253 1450 3314 οι
1471 3248 1568 3315 utiles
1589 3250 1723 3331 oognitu
1741 3268 1813 3314 esse
1834 3249 2008 3314 iaetarent:
2030 3247 2088 3313 sed
2110 3248 2197 3315 Pau·

195 3335 329 3402 videtur
350 3334 527 3419 apostolus,
548 3355 648 3419 quum
672 3333 760 3414 dioit,
783 3333 980 3419 qpoatKom,
1003 3335 1172 3420 eleganter
1223 3335 1274 3400 lus
1304 3334 1439 3416 nullam,
1469 3334 1533 3400 nisi
1559 3333 1596 3398 in
1622 3333 1823 3400 aedifioanda
1844 3335 1909 3400 fide
1930 3342 1963 3400 et
1983 3343 2097 3420 saneta
2118 3334 2197 3412 vita,

195 3420 341 3487 alludere
362 3419 405 3486 ad
427 3420 541 3486 inanes
563 3439 677 3487 eorum
700 3420 996 3505 oontemplationes,
1022 3422 1078 3504 qui
1101 3421 1172 3487 sine
1224 3419 1399 3487 utilitatem
1421 3419 1580 3506 agnoseit.
2187 3424 2190 3431 '

196 3505 303 3572 lruotu
339 3513 374 3571 et
404 3513 500 3571 extra
534 3506 639 3574 vitam
675 3504 954 3590 philosophantur.
979 3506 1172 3579 ,Caeterum
2018 3584 2021 3593 Ι

197 3595 264 3657 non
294 3592 341 3658 ita
368 3589 408 3665 de
438 3592 530 3658 bonis
559 3591 712 3675 operibus
740 3591 900 3658 sollieitus
931 3602 991 3673 est,
1023 3601 1060 3658 ut
1093 3592 1172 3658 dum
1312 3591 1362 3656 10.
1384 3590 1586 3658 Hoorelo‘oum
1614 3589 1768 3656 dominon
1790 3594 1864 3673 poet
1889 3610 1987 3657 assam
2012 3595 2040 3656 el
2069 3591 2200 3657 αιιοναηι

197 3677 326 3743 fruetus
355 3677 490 3762 oolligit‚
519 3676 660 3743 radioem
687 3686 889 3756 oontemnat,
924 3699 1042 3762 nempe
1063 3678 1173 3744 fidem.
1224 3677 1463 3744 admonitiones
1486 3676 1575 3762 supe:
1619 3676 1671 3741 11.
1692 3677 1793 3742 solem
1818 3677 1902 3759 qaod
1929 3696 2054 3743 somata
2081 3677 2124 3743 se
2143 3676 2201 3759 qm·

197 3760 378 3848 Utriusque
411 3763 516 3847 partis
549 3763 709 3828 rationem
731 3762 845 3829 habet:
880 3773 913 3829 et
941 3763 1018 3829 fidei
1048 3784 1173 3848 quoque
1223 3767 1269 3829 etl
1288 3763 1450 3840 melodi,
1472 3765 1626 3846 elpeood,
1646 3762 1798 3846 osespao
1811 3763 1989 3829 moneas.
2027 3761 2077 3828 12.
2096 3761 2201 3844 Qrmm

222 3848 343 3915 riorum
365 3847 483 3928 looum,
501 3854 549 3914 ut
570 3868 630 3932 par
652 3851 713 3931 est,
734 3846 862 3914 tribuit.
904 3848 990 3914 Nam
1013 3849 1174 3915 studiosos
1224 3849 1338 3915 misero
1365 3848 1409 3915 ao
1435 3852 1464 3913 le
1484 3848 1648 3916 Artemam
1672 3846 1720 3913 uel
1743 3846 1920 3932 spoliator,
1947 3849 1993 3915 do
2019 3867 2146 3931 mom
2167 3850 2202 3912 ul

197 3868 358 4017 bonorum
386 3954 522 4019 operum
551 3954 622 4000 esse
651 3933 742 3998 iubet
771 3935 826 4017 qui
855 3933 1062 4000 erediderunt
1082 3934 1174 4000 Deo:
1226 3935 1270 3999 od
1290 3954 1338 3999 mo
1358 3932 1467 4000 oeulos
1482 3933 1669 4017 Nicopolim.
1707 3931 1786 4000 Illis
1807 3932 1891 3999 etaim
1911 3932 2031 4000 deortui
2047 3933 2201 4018 bytom

198 4039 261 4103 quo
282 4019 441 4105 intelligit
461 4020 507 4087 sio
523 4017 640 4085 debere
656 4017 755 4084 fidem
772 4019 908 4102 praeire,
928 4028 966 4084 ut
980 4040 1080 4103 opera
1101 4018 1174 4085 sub·
1227 4018 1279 4084 13.
1302 4019 1421 4085 Zosom
1448 4018 1662 4104 ιερίορονιιιοκ
1688 4023 1718 4084 el
1741 4018 1858 4101 Apollo
1886 4019 2022 4086 ειιιᾶίοοο
2046 4018 2202 4086 Moto:

198 4114 389 4188 sequantur.
713 4174 716 4179 ,
1224 4124 1264 4171 ae
1299 4105 1378 4187 quid
1412 4102 1479 4170 alo
1514 4105 1604 4172 desit.
1661 4103 1713 4172 14.
1743 4103 1879 4172 Dieooal
1904 4110 2008 4171 autem
2036 4109 2065 4170 ol
2091 4105 2201 4186 aoelri,

285 4190 374 4258 Haeo
394 4190 477 4258 euim
497 4189 624 4257 loamto
643 4193 726 4256 οιοιι.
762 4190 835 4274 Ego
853 4190 894 4255 ed
913 4190 1094 4257 doetrinam
1116 4211 1173 4274 po·
1224 4189 1314 4256 boola
1323 4209 1475 4272 possess
1495 4191 1530 4255 ia
1553 4190 1744 4259 suasuros
1756 4209 1850 4256 usus:
1863 4210 1909 4274 ,aa
1922 4191 1987 4257 slat
2000 4190 2201 4273 lofruoluosi.

199 4273 265 4343 tius
286 4296 384 4360 quam
406 4274 449 4342 ad
470 4296 570 4362 opera
591 4276 709 4355 refero,
736 4274 799 4341 hoo
820 4296 933 4342 sensu:
963 4274 1174 4343 Praeolarum
1228 4276 1279 4342 lb.
1300 4273 1448 4342 &talou
1475 4280 1504 4342 le
1531 4277 1588 4359 qai
1614 4295 1732 4342 meolam
1758 4280 1834 4341 sual
1859 4295 1971 4344 manaa
2018 4275 2132 4343 Soluto
2152 4296 2202 4344 eoa

199 4367 249 4428 est
278 4382 316 4428 eo
337 4363 417 4428 utile
445 4363 493 4428 sio
519 4360 648 4427 institui
669 4363 831 4427 homines:
860 4382 939 4445 ergo
961 4361 1074 4429 eadem
1096 4370 1175 4428 suut
1226 4362 1283 4445 qai
1307 4381 1364 4428 aos
1385 4362 1521 4447 loquat
1540 4363 1577 4428 ia
1594 4362 1667 4444 fido.
1713 4358 1832 4427 Gratia
1852 4381 1922 4428 oum
1943 4362 2086 4428 omuibus
2106 4361 2201 4429 oolla

199 4446 264 4514 ista
302 4448 387 4514 bone
423 4461 456 4513 et
482 4446 577 4513 utilia
609 4445 808 4527 hominibus,
840 4447 957 4530 quibus
992 4447 1175 4514 asserendis
1225 4448 1339 4514 Amara

199 4531 311 4614 Titum
333 4535 425 4618 prius
443 4534 554 4600 doouit
570 4531 768 4599 inoumbere.
790 4533 832 4598 τὰ
848 4531 936 4598 καλὰ
953 4542 1083 4600 vertere
1100 4553 1173 4616 pos·
1372 4590 1385 4609 ,

199 4638 323 4699 sumus,
345 4629 402 4685 aut
424 4619 517 4697 bona,
546 4628 604 4685 aut
624 4623 778 4703 spesiosa,
808 4618 861 4685 vel
884 4619 1037 4685 honesta:
1060 4638 1173 4703 quam·
1313 4619 1364 4684 10.
1386 4617 1586 4685 Hosreliotm
1613 4616 1775 4684 leminea.
1817 4617 1891 4684 Hoe
1920 4619 2038 4684 merito
2066 4617 2201 4683 adiuuit:

201 4723 300 4788 quam
319 4704 439 4771 melius
460 4703 511 4790 (ut
533 4703 687 4805 arbitror)
707 4709 876 4771 vertemus
898 4705 1072 4788 praeolara
1116 4703 1173 4769 In·
1229 4705 1307 4788 quia
1336 4705 1451 4788 iurgiis
1479 4713 1513 4770 et
1541 4703 1806 4770 altereationibus
1836 4702 1947 4770 nullus
1976 4705 2052 4769 finis
2073 4703 2147 4783 erit,
2175 4704 2203 4768 si

200 4789 274 4881 uuit
296 4791 385 4857 enim
407 4811 620 4874 quaeeunque
637 4791 702 4856 alra
723 4790 909 4872 traduntur,
930 4789 1056 4857 nullius
1077 4790 1174 4873 pretii
1230 4789 1368 4855 velimus
1390 4789 1569 4855 obstinatos
1593 4789 1724 4854 sineere
1746 4788 1951 4871 disputando.
1989 4788 2074 4855 Nam
2096 4807 2204 4871 neque

200 4876 579 5031 ta'llttl'tldt‘
600 4879 679 5028 ‘tl
695 4875 915 5028 {illuit
936 4875 1077 5028 :llil
1098 4896 1175 4942 ⁰⁰”'
1229 4872 1937 5026 llduell.‘¹32‘t¹;t'⁰t¹’t.3l.³¹lt
1952 4875 2080 5025 tlt?
2105 4873 2204 5026 ilii

287 5048 318 5115 9.
342 4983 613 5116 ›Slatlloeguttleoaq
635 5047 710 5114 Non
731 5046 830 5130 longa
853 5047 1072 5131 disputatione
1094 5066 1176 5129 opus
1230 4981 1327 5132 qualm
1356 5011 1434 5131 ergd
1455 5046 1531 5111 'lito
1553 4981 1760 5130 pqraesorlpsgit
1781 5045 1912 5129 qualem
1934 4981 2063 5112 lradere
2085 5044 2203 5112 doetri-

203 5142 253 5197 eet
274 5134 316 5199 ad
337 5133 437 5200 huius
458 5133 521 5201 looi
539 5134 795 5217 expositionem:
817 5135 1022 5216 quaestiones
1041 5135 1177 5218 opponit
1231 5154 1293 5199 uae
1314 5134 1451 5200 formam
1475 5132 1603 5197 debeat:
1626 5153 1714 5198 nuno
1730 5139 1826 5210 vetat,
1849 5152 1923 5197 oum
1938 5132 2111 5198 haeretiois
2128 5152 2204 5197 oon·

202 5235 302 5284 sanae
334 5228 508 5303 oerteeque
540 5219 715 5286 doetrinae.
766 5220 912 5285 Tametsi
945 5221 1031 5285 enim
1061 5229 1098 5284 ut
1127 5220 1176 5284 in·
1229 5220 1384 5305 fligendo,
1402 5217 1542 5284 multum
1559 5219 1715 5301 temporis
1731 5228 1845 5301 terere,
1860 5219 1936 5301 quia
1949 5238 2078 5301 semper
2095 5239 2205 5302 pugna

207 5304 332 5382 venias,
363 5325 519 5389 quaerere
547 5325 680 5372 neeesse
706 5314 771 5372 est:
802 5316 982 5374 esttamen
1006 5304 1185 5390 quaerendi
1231 5327 1385 5394 pugnam,
1407 5313 1441 5370 et
1462 5304 1638 5389 disputatio
1660 5304 1912 5388 disputationem
1934 5312 2074 5389 pareret.
2117 5302 2204 5368 Nam

309 5422 424 5483 ouras·
437 5438 531 5494 opera
562 5423 620 5483 Vol.
637 5423 709 5483 m
1958 5422 1993 5478 28
