4762 6016
184 382 248 450 '415
903 380 1047 447 uplsu.
1070 377 1215 447 PAULI
1238 379 1302 443 AD
1325 378 1473 444 ulmum
2132 377 2199 442 416

184 598 256 728 “i
292 576 448 728 3„er
465 571 869 726 tittztittzlt
895 572 1164 726 libell-‘2⁰⁰3
1215 571 1618 724 111113ἰιὲιιιιίῢ
1646 572 1793 724 helil
1817 571 2197 738 bbid22¹⁰⁸⁰is³⁰⁰

185 683 228 729 eu
251 683 293 730 eu
666 681 686 724 u
1067 681 1079 724 1
1765 706 1773 723 .

184 750 263 832 qnid
293 747 374 814 seito
395 754 430 812 et
452 681 528 812 vire
550 744 591 811 eb
612 743 723 828 impiis
745 743 868 812 dietum
890 751 951 825 est,
981 765 1047 809 nou
1070 707 1165 809 dbbet
1216 678 1349 827 &aptus
1370 764 1473 827 aequo
1494 677 1705 827 'integvrietiopsi’
1731 752 1766 808 et
1788 741 1885 809 teoile
1907 677 2071 828 megiboeo
2092 679 2200 842 ωιῗιι

184 832 362 918 repudieri,
385 833 462 915 quia
483 830 594 898 aDeo
611 839 662 896 est
683 829 877 915 profestum.
912 829 1043 895 Deinde
1064 850 1165 912 quum
1218 829 1455 913 depraventur:
1487 829 1562 898 vult
1589 849 1646 896 eos
1676 829 1824 896 severius
1853 829 2024 912 magisque
2053 847 2199 913 praeesse

184 919 295 986 omnio
316 918 382 984 Dei
410 918 487 999 siut,
517 936 577 984 our
606 916 656 1005 les
677 934 745 981 uon
767 924 854 982 esest
874 916 910 981 in
933 915 1003 982 eins
1025 915 1166 998 glorium
1217 916 1251 982 iu
1272 914 1400 982 sineere
1427 914 1494 982 fide
1515 915 1687 982 oontiueri.
1730 915 1852 982 Postea
1873 913 2016 981 ostendit
2037 913 2198 999 quomodo

185 1004 350 1090 epplioere
377 1001 538 1087 quidquid
560 1001 596 1068 in
613 1022 690 1069 eum
713 1019 811 1067 usum
833 1009 909 1086 epte
930 1001 1072 1068 oonierri
1094 1010 1166 1084 pot·
1217 1021 1299 1066 seue
1312 1006 1442 1067 oonetet
1457 1001 1553 1067 lidesr
1575 1021 1694 1085 nempe
1710 1000 1767 1067 ubi
1790 1000 1889 1067 nullis
1911 998 2031 1067 sabulis
2052 1020 2199 1067 eorrum-

185 1089 258 1158 eet?
318 1088 385 1157 Sed
425 1108 465 1155 ea
497 1088 537 1154 de
569 1109 606 1154 re
639 1088 770 1173 legetur
801 1087 919 1154 Besilii
951 1086 1055 1154 uretiu
1087 1087 1167 1172 πρὸς
1218 1087 1318 1171 pitur.
1362 1085 1430 1153 Sed
1461 1087 1606 1154 serendo
1635 1085 1780 1171 perieulo
1810 1084 1871 1154 hoo
1900 1085 2084 1152 remedium
2104 1107 2197 1237 blm

185 1179 260 1255 τοὺς
281 1173 383 1254 sione,
404 1183 466 1241 eto.
1218 1172 1341 1254 soribit,
1374 1193 1416 1237 ue
1448 1173 1596 1238 unimum
1629 1172 1814 1239 advertant.
1866 1171 1950 1238 Vult
1980 1171 2071 1239 euim
2140 1193 2197 1240 eus

273 1261 323 1328 13.
342 1259 566 1327 Testimonium
580 1257 635 1327 lroo
648 1261 694 1324 eet
708 1277 827 1324 oernrn.
861 1256 1037 1341 Utrunque
1058 1278 1167 1324 venus
1218 1257 1266 1322 ite
1294 1277 1355 1324 uos
1384 1258 1484 1325 verbo
1514 1277 1573 1324 sno
1594 1258 1741 1325 intentos
1768 1278 1849 1338 esso,
1880 1264 1918 1323 ιιι
1937 1256 2129 1341 pmeolusus
2154 1259 2197 1325 eit

185 1348 231 1416 sit
252 1348 362 1413 tostis:
384 1344 472 1430 quod
493 1354 606 1411 tamen
629 1365 707 1410 rere
729 1346 770 1410 eb
792 1363 830 1410 eo
854 1341 977 1409 dietum
999 1353 1061 1428 est,
1083 1343 1167 1410 Peu-
1219 1342 1318 1427 nugis
1351 1342 1493 1411 edditus.
1543 1343 1591 1410 Ει
1622 1353 1711 1410 uerte
1743 1342 1801 1409 ubi
1829 1342 1932 1410 semel
1960 1343 2105 1410 obtinuit
2133 1343 2198 1411 Dei

186 1433 240 1500 lne
258 1431 478 1518 ampleotitur.
513 1431 618 1497 Porro
641 1429 776 1497 dubium
798 1450 862 1494 uon
885 1438 937 1494 est
959 1428 1036 1513 quin
1060 1429 1167 1496 deter-
1219 1430 1350 1508 veritus,
1372 1429 1553 1514 insipidum
1571 1430 1635 1495 erit
1656 1427 1814 1514 quidquid
1835 1437 1951 1496 ooutre
1972 1429 2137 1511 efferetur,
2160 1439 2199 1497 ut

186 1519 262 1586 rimi
295 1518 420 1585 inerint
451 1517 644 1591 Cretenses.
684 1534 768 1598 qnos
798 1523 863 1579 tum
893 1534 1008 1599 aspere
1038 1524 1166 1582 treotet.
1218 1522 1348 1582 mentes
1378 1523 1518 1582 nostrus
1537 1515 1676 1583 minime
1703 1514 1745 1581 e‘d
1770 1536 1806 1582 se
1827 1524 2008 1584 eonvertet.
2042 1514 2198 1583 Proinde

186 1605 363 1689 Nunquam
404 1603 494 1668 euim
527 1612 595 1667 tem
630 1600 732 1667 durus
764 1600 880 1667 tunsos
912 1601 1069 1668 adversus
1102 1619 1167 1682 eos,
1218 1600 1249 1666 si
1277 1600 1427 1684 cupimus
1455 1601 1555 1668 fldem
1576 1601 1741 1686 integram
1763 1601 1915 1683 retinere,
1946 1618 2060 1668 sensus
2081 1622 2197 1669 omues

186 1690 251 1756 nisi
274 1698 471 1774 prorooetns
492 1687 647 1754 maximis
668 1686 786 1766 oensis,
807 1687 864 1770 qui
886 1686 1066 1753 elementer
1087 1686 1167 1752 elio·
1219 1695 1349 1753 nostroe
1371 1685 1508 1754 sollioite
1529 1686 1683 1753 oobibere
1705 1685 1878 1768 dieoemus,
1909 1707 1952 1753 ue
1973 1686 2089 1754 olienis
2110 1708 2196 1754 oom-

211 1776 245 1842 ni
267 1774 405 1860 populos
427 1781 576 1840 extreme
597 1772 775 1840 severitate
797 1772 914 1856 diguus
937 1783 1051 1838 texere
1072 1772 1168 1839 solet.
1219 1770 1325 1837 modis
1355 1793 1392 1839 se
1421 1770 1551 1839 dedant.
1602 1772 1689 1840 Nem
1719 1772 1857 1839 eimnleo
1885 1772 2048 1857 quispiam
2077 1771 2198 1840 fabulis

187 1796 278 1942 buis
294 1859 559 1928 eontumeliosiue
574 1858 627 1925 hie
649 1857 776 1943 probris
791 1857 873 1942 fingi
887 1866 1007 1941 potest,
1029 1858 1167 1942 igneros
1219 1856 1388 1924 attendere
1410 1859 1562 1941 eoeperit,
1586 1858 1662 1925 fidei
1684 1858 1862 1942 puritetem
1883 1859 2023 1925 emittet.

188 1967 275 2023 esee,
308 1945 418 2011 ventri
448 1943 585 2028 deditos,
618 1943 742 2010 nullius
771 1943 857 2021 fidei,
890 1943 994 2010 meles
1023 1943 1167 2010 bestias?
1306 1942 1356 2010 14.
1380 1943 1515 2010 Fabulis
1542 1943 1691 2012 indnieis.
1733 1942 1879 2011 Nebules
1908 1943 2053 2028 eppellet
2079 1944 2199 2011 frivole

187 2031 301 2115 Neque
330 2031 388 2096 uui
417 2039 473 2097 eut
502 2029 597 2096 elteri
619 2029 701 2096 baeu
723 2029 804 2094 vitia
826 2029 1077 2113 exprobrentur,
1110 2029 1167 2095 sed
1218 2027 1329 2093 omnie
1358 2038 1562 2096 commenta:
1592 2050 1630 2097 eo
1651 2030 1681 2097 si
1702 2030 1775 2115 quis
1798 2049 1905 2115 nugas
1933 2029 2037 2096 letius
2066 2029 2197 2098 diceret

188 2116 366 2183 demnatur
396 2126 464 2182 tote
493 2136 583 2199 gens.
627 2113 831 2182 Admirabile
856 2135 937 2181 seue
966 2113 1031 2181 Dei
1060 2116 1166 2182 oonsi-
1219 2114 1305 2180 Nem
1339 2114 1428 2199 qnod
1461 2114 1614 2181 oontiuuo
1648 2124 1723 2200 poet
1756 2115 1848 2182 eddit
1881 2115 1922 2182 de
1954 2135 2106 2199 preeoe
2114 2117 2198 2200 ptis

188 2203 281 2287 lium,
314 2201 398 2287 qnod
428 2213 559 2288 gentum
589 2200 669 2267 adeo
698 2220 835 2284 preeem
868 2205 901 2265 et
928 2199 969 2265 ob
994 2201 1076 2266 vitia
1107 2220 1168 2267 suu
1220 2199 1448 2281 homiuum,
1472 2200 1559 2266 idem
1580 2202 1607 2267 si
1634 2203 1754 2269 nifisat
1797 2201 1844 2268 Et
1867 2201 2064 2269 veritatis
2086 2201 2198 2269 hostes

188 2289 343 2388 inlomem
387 2287 421 2353 iu
450 2285 623 2386 'evangelii
663 2287 715 2352 eui
756 2286 1036 2387 perticipationem
1081 2287 1167 2352 inter
1219 2284 1371 2371 appellat,
1404 2287 1462 2387 qui
1493 2307 1576 2387 pure
1605 2223 1732 2355 &bristi
1765 2287 1915 2353 doetrine
1943 2308 2010 2354 non
2049 2289 2198 2354 eontenti

188 2370 1167 2558 liliis'libituibffilielliblb¹³3thin
1219 2391 1299 2523 tt
1324 2371 2198 2558 fatttttttttt‘,inmittit:

189 2546 230 2610 In
259 2545 315 2610 ille
338 2565 416 2629 ergo
438 2554 507 2611 tem
529 2552 682 2628 eorrupte
704 2543 847 2628 regione,
876 2563 970 2626 quest
992 2564 1028 2609 ru
1051 2544 1167 2610 mediis
1219 2541 1352 2609 Iudaeis
1367 2563 1541 2627 proserpue
1560 2542 1623 2611 boo
1645 2544 1763 2611 vitium
1784 2543 1947 2621 odsoribit.
1968 2546 2045 2629 quie
2065 2544 2196 2612 divinoe

188 2630 315 2713 inieris,
343 2631 518 2696 stationem
547 2629 692 2714 aliquem
722 2629 836 2695 habuit
858 2628 984 2695 Obrieti
1013 2629 1165 2696 eooleeiez
1220 2628 1302 2714 legis
1324 2639 1500 2713 prsetextn
1522 2631 1765 2714 superstitiosos
1787 2629 1872 2697 ritus
1892 2629 2095 2716 ingerebant,
2116 2652 2196 2714 gen·

189 2738 248 2782 neo
279 2717 453 2801 propugeri
475 2715 581 2794 desiit,
617 2714 749 2781 temetsi
781 2716 952 2795 melorum,
986 2735 1069 2798 quee
1098 2715 1167 2784 illio
1219 2714 1294 2780 tiles
1323 2715 1411 2780 euim
1441 2736 1541 2799 quum
1571 2715 1796 2802 intelligerent
1824 2737 1861 2782 ee
1890 2723 1959 2782 tote
1984 2716 2057 2783 ritu
2077 2716 2198 2784 misere

190 2802 383 2886 regnabant,
416 2802 611 2887 ooutagioue
641 2801 765 2867 inleete
796 2810 877 2866 erat.
930 2800 1044 2884 Neque
1077 2802 1165 2867 enim
1219 2800 1321 2867 inisse
1342 2800 1503 2884 demptos,
1527 2801 1654 2868 feoilius
1668 2801 1788 2886 prioris
1803 2802 1890 2869 ritae
1904 2803 2054 2869 instituto
2076 2823 2197 2870 rmruu-

189 2887 312 2955 elieuoe
335 2887 439 2954 solum
460 2887 515 2953 hio
536 2894 630 2953 texet
648 2886 780 2970 Peulue,
803 2886 862 2953 sed
884 2907 939 2953 eoe
961 2887 1166 2968 nominatim,
1219 2885 1362 2952 tiubeut:
1396 2886 1510 2952 Iudaei
1540 2899 1660 2969 eutem,
1693 2889 1849 2972 quonism
1873 2888 1910 2953 iu
1938 2908 2017 2955 vere
2038 2887 2198 2975 religione

190 2975 246 3058 qui
268 2973 402 3041 Christo
430 2995 550 3040 nomen
581 2972 749 3040 dederent.
794 2972 882 3054 Quis
906 2984 1015 3038 eutem
1038 2972 1168 3040 ridebet
1220 2971 1351 3038 fuerent
1366 2971 1503 3056 edueati,
1525 2973 1619 3056 ritus,
1637 2974 1756 3057 quibus
1774 2983 1998 3056 assueverant,
2008 2977 2198 3059 perueoiter

189 3058 270 3127 heeo
292 3067 360 3126 tom
393 3058 487 3126 loede
508 3059 591 3125 vitiu
613 3058 739 3142 pridem
760 3058 867 3143 egisse
888 3057 1016 3125 redisse
1038 3063 1071 3126 et
1093 3079 1167 3143 pes·
1220 3057 1416 3123 tuebantur:
1464 3058 1547 3143 legis
1595 3061 1765 3145 ebrogetio
1812 3059 2003 3145 persuaderi
2034 3060 2100 3128 illis
2132 3081 2196 3127 nou

190 3147 253 3212 sim
285 3145 447 3231 grmseri:
480 3153 520 3211 nt
551 3143 714 3211 sanabiles
747 3144 787 3210 ab
820 3145 899 3228 ipsis
932 3153 1034 3226 ouret,
1067 3146 1167 3212 totius
1220 3152 1359 3229 poteret.
1396 3144 1470 3210 Heu
1485 3143 1581 3211 modo
1596 3146 1772 3213 turbebent
1792 3166 1907 3212 omues
1928 3144 2098 3213 eoelesies:
2122 3146 2196 3231 quie

189 3232 298 3318 gentis
319 3231 427 3298 lamae
447 3250 513 3297 nou
534 3232 649 3315 peroit.
1220 3228 1419 3314 simulatque
1455 3251 1623 3316 emergere
1651 3230 1770 3298 elioubi
1799 3231 2006 3317 evangelium
2034 3238 2194 3315 ooeperet,

1220 3316 1290 3381 eius
1312 3314 1534 3382 sineeritetem
1557 3316 1697 3384 edmisto
1720 3338 1779 3382 suo
1799 3317 1962 3395 fermento
1984 3337 2195 3400 eorrumpere

279 3400 481 3484 Quamobrem
495 3421 594 3487 arpen
608 3420 659 3468 eos
673 3421 785 3481 serere,
806 3405 843 3467 nt
861 3400 935 3467 soni
955 3401 1020 3468 sint
1039 3401 1077 3467 in
1096 3401 1168 3485 fide,
1220 3421 1286 3466 nou
1301 3400 1504 3468 desinebant.
1543 3401 1655 3484 Quare
1670 3402 1794 3470 Paulus
1809 3417 1876 3469 nou
1895 3404 1933 3469 in
1953 3423 2074 3489 genere
2095 3401 2196 3470 modo

191 3487 242 3553 14.
266 3507 364 3571 neqne
396 3487 556 3555 attendent
575 3487 713 3555 indoion
732 3486 901 3569 fobnlioet
960 3487 1094 3570 oeoeptis
1114 3485 1167 3553 bo·
1220 3485 1372 3570 probibet
1406 3508 1448 3552 ne
1470 3508 1490 3553 e
1509 3507 1590 3553 seue
1612 3487 1760 3556 doetrine
1783 3487 1992 3574 degenerent,
2020 3487 2080 3556 sed
2101 3508 2196 3572 prue-

188 3572 311 3639 minnm
343 3574 557 3640 evomentium
587 3573 760 3641 veritotenr.
815 3571 865 3640 15.
956 3573 1013 3640 nio
1044 3573 1169 3657 quidem
1219 3590 1297 3637 sens
1311 3571 1446 3652 melum,
1461 3573 1515 3640 uni
1538 3591 1709 3640 ooourrere
1726 3593 1860 3642 neemse
1881 3578 1963 3657 eret,
1984 3575 2078 3660 quusi
2096 3575 2197 3662 digito

185 3679 273 3744 petro
296 3659 408 3742 petris:
436 3660 612 3743 inninaeis
633 3663 738 3727 annm
759 3663 789 3725 er
809 3657 990 3741 infidelibus
1010 3659 1092 3725 nibil
1106 3679 1169 3741 pn-
1219 3657 1373 3737 oeteudit,
1396 3664 1433 3723 ut
1453 3671 1603 3726 oeveeut.

187 3765 275 3811 reem:
302 3745 358 3811 ssd
385 3745 571 3828 ireqninotoe
594 3749 667 3811 erent
687 3764 793 3810 sonim
813 3765 903 3810 meres
923 3749 952 3810 et
972 3745 1167 3811 eonscientio.
1307 3741 1359 3809 15.
1391 3742 1507 3811 Omnia
1538 3745 1665 3829 qnidem
1690 3765 1790 3828 poro.
1841 3744 1993 3830 Speeiem
2022 3766 2123 3812 unum
2154 3767 2197 3812 ex

190 3830 242 3897 16.
263 3829 369 3899 Deam
390 3831 579 3914 profitemur
605 3850 640 3898 se
659 3850 758 3914 nosse,
790 3830 935 3913 operibns
956 3850 1027 3897 nero
1047 3835 1167 3915 neqont,
1220 3829 1374 3896 lebulosie
1408 3830 1614 3916 dogmatibus
1646 3832 1790 3916 ettiugit.
1834 3832 1990 3899 ciborum
2023 3832 2113 3899 enim
2143 3832 2196 3901 de·

190 3935 286 3999 qnmn
300 3916 366 3983 sint
380 3915 615 4000 abominabiles,
628 3916 868 4001 inobsequentes,
888 3917 974 3984 etod
987 3935 1075 3984 ornne
1089 3935 1169 3998 opne
1220 3914 1353 3996 loetum,
1381 3915 1488 4000 qualis
1509 3937 1529 3982 e
1551 3917 1645 3983 Mose
1657 3916 1708 3982 'ed
1730 3929 1860 4002 tempus
1881 3920 2104 4004 pressoriptne
2125 3924 2196 3985 eret

188 4003 302 4069 bonnm
322 4003 453 4085 reprobi.
1221 4001 1316 4086 quasi
1337 4000 1445 4068 edhue
1467 4004 1688 4069 neeesserium
1709 4003 1889 4089 urgebunt:
1915 4003 1982 4072 imo
2003 4013 2105 4071 tutem
2126 4002 2196 4069 iore

300 4121 303 4124 >
1221 4086 1431 4154 eeuotitatem
1474 4087 1678 4156 oolloeebent
1720 4090 1756 4155 in
1800 4089 1861 4157 hee
1901 4089 2195 4158 observetiunoule

194 4212 198 4218 ·
280 4173 483 4257 Quamobrem
497 4193 607 4260 erpere.
640 4173 733 4239 Heeo
747 4194 823 4258 pere
841 4180 982 4240 estnon
1004 4182 1169 4258 postem
1222 4172 1331 4254 Quem
1364 4193 1443 4240 vero
1475 4174 1692 4257 pernitiosum
1724 4174 1788 4241 boo
1816 4174 2196 4260 sustentationum

191 4260 263 4326 eius
292 4260 593 4345 oireumspeotionis
617 4266 650 4327 et
672 4259 875 4344 prudentiss,
897 4279 961 4344 que
982 4259 1168 4343 praeditum
1222 4258 1376 4326 diximus.
1431 4259 1579 4326 Primum
1619 4260 1757 4345 loquens
1789 4261 1956 4330 servitutis
1987 4261 2195 4329 ooneeieutiis

192 4366 263 4411 esee
293 4345 386 4413 deeet
406 4347 613 4430 episeopum:
643 4357 682 4412 nt
703 4345 826 4413 soilioet
848 4344 986 4411 dooeudi
1007 4345 1168 4412 rationem
1221 4345 1445 4411 iuiioiebeturz
1477 4344 1593 4412 deinde
1622 4348 1767 4431 imperiti
1789 4346 1851 4415 heo
1878 4348 2110 4432 superstitione
2131 4345 2193 4413 illi·

192 4431 232 4497 ed
265 4430 438 4497 homiuum
470 4432 605 4517 ingenie
637 4452 810 4517 moresque
842 4431 999 4499 iufleotet.
1053 4430 1169 4515 Neque
1222 4436 1300 4514 geti,
1331 4430 1439 4496 velum
1468 4431 1633 4498 habebant
1654 4435 1757 4501 oeulis
1779 4434 1964 4515 obduotum,
1991 4456 2034 4500 ne
2055 4435 2090 4499 in
2113 4451 2195 4517 pure

191 4516 278 4583 euim
311 4518 358 4584 sie
391 4535 463 4582 oum
497 4519 660 4602 protervis
681 4526 715 4582 et
736 4518 903 4584 indomitis
925 4514 1099 4617 egendum,
1132 4523 1171 4583 ut
1222 4515 1349 4583 Christi
1365 4516 1482 4583 notitie
1504 4519 1709 4601 profluerent.
1748 4517 1786 4585 Si
1807 4519 1878 4601 quis
1899 4517 2112 4605 exgentibus
2134 4517 2195 4586 hoo

191 4622 266 4669 oum
296 4603 478 4670 mansuetis
500 4624 537 4670 eo
558 4603 725 4672 dooilibus.
769 4603 811 4669 In
834 4603 885 4670 bie
907 4624 994 4668 eurm
1017 4600 1169 4670 dooeudis
1221 4601 1346 4687 iugum,
1379 4604 1456 4686 quie
1486 4614 1637 4670 assuetus
1664 4625 1730 4670 non
1759 4614 1855 4684 esset,
1875 4605 1987 4673 subire
2016 4602 2195 4686 reousebet,

192 4687 377 4755 adhibendo
404 4697 456 4755 est
479 4687 596 4757 leuiter
616 4709 700 4775 queo
721 4709 834 4755 eorum
856 4688 1014 4756 dooiliteti
1036 4709 1168 4773 respou-
1222 4686 1334 4754 ludaei
1350 4697 1506 4773 tunquam
1529 4711 1589 4773 pro
1610 4707 1738 4756 summo
1760 4688 1927 4776 religionis
1948 4691 2054 4775 oapite
2074 4691 2195 4758 aeriter

193 4774 284 4840 deet:
313 4773 444 4841 illorum
471 4774 636 4860 protervis
658 4795 773 4843 serere
794 4774 989 4861 oorrigeude
1010 4782 1069 4854 ert,
1098 4796 1168 4841 me·
1222 4774 1431 4841 dimisebent.
1467 4774 1579 4856 Quare
1593 4796 1658 4842 uon
1676 4774 1840 4841 immerito
1861 4776 1986 4845 Peulus
2007 4784 2195 4844 oousteuter

191 4861 287 4946 loque
316 4859 400 4926 uodo
428 4861 480 4948 (ut
510 4861 616 4948 aiunt)
638 4861 799 4945 epteudue
821 4860 1012 4934 estsimilis
1034 4880 1168 4927 oeneus.
1221 4859 1342 4927 talibus
1381 4861 1547 4946 evengelii
1578 4859 1823 4943 eorruptoribus
1855 4882 1890 4928 se
1921 4862 2067 4948 opponit.
2120 4861 2195 4930 Hoo

191 4945 301 5014 Oeuse
322 4947 409 5013 euim
427 4953 562 5015 notetur
584 4966 644 5014 our
664 4948 822 5014 eoriorem
844 4957 878 5014 et
899 4947 1006 5033 magis
1026 4946 1168 5034 rigidum
1220 4946 1355 5030 quidem
1383 4946 1454 5014 loeo
1475 4967 1543 5013 non
1565 4965 1677 5014 eorum
1699 4945 1795 5013 modo
1819 4967 1962 5014 errorem
1984 4949 2116 5030 refutet,
2137 4945 2195 5014 eod

191 5033 388 5099 eese'I'itum
412 5032 550 5100 relitin
572 5034 638 5103 illis
660 5033 854 5120 arguendis:
878 5033 1044 5119 quierint
1066 5032 1169 5100 mulee
1220 5032 1403 5099 renitetem
1430 5031 1539 5117 lepide
1568 5031 1663 5114 ridet,
1694 5032 1779 5116 qnod
1807 5033 1899 5100 uullo
1924 5034 2072 5119 proteotn
2091 5033 2127 5101 iu
2148 5033 2195 5101 oi·

190 5116 324 5184 bestiae.
1220 5117 1337 5184 borum
1367 5117 1567 5185 ebstiueutie
1589 5118 1689 5185 anxie
1708 5117 1868 5185 luberent.
1911 5120 2028 5186 Priore
2049 5117 2195 5186 membro

283 5203 536 5272 Uteonieintin
550 5205 621 5290 fide.
657 5205 825 5274 Insertum
847 5212 899 5272 est
920 5205 1062 5272 teoiteue
1082 5201 1169 5270 beno
1220 5204 1337 5271 meent
1365 5201 1580 5270 obrietieuem
1609 5203 1804 5284 libertatem,
1837 5203 1915 5272 dum
1944 5204 2029 5272 nibil
2052 5205 2194 5272 immuu-

191 5288 366 5357 senitutem
381 5300 525 5376 opponet
541 5292 661 5360 morbis
676 5312 816 5378 quorum
832 5290 1000 5358 meminitz
1022 5309 1066 5356 en
1088 5291 1166 5356 sim·
1221 5288 1301 5355 dum
1332 5306 1405 5354 esee
1436 5286 1589 5356 fidelibus
1621 5289 1822 5375 pronuntiet.
1866 5288 1954 5371 Quin
1985 5300 2096 5359 eutem
2128 5309 2196 5358 uou
