4762 6016
184 424 225 490 li
812 419 955 490 uulso.
979 419 1125 492 raum
1147 417 1214 488 AD
1235 416 1578 489 rnmtuuuusus
2163 423 2210 491 48

185 633 288 697 naon
312 612 478 692 insidiam,
499 634 581 700 quoe
606 632 647 682 ott
674 613 740 701 ispo
767 619 813 682 ert
848 614 904 683 aed
929 635 1013 700 quos
1038 620 1085 683 ert
1107 634 1168 699 per
1219 613 1306 680 trihu
1329 633 1392 680 sua
1411 623 1480 680 sta
1501 633 1624 699 geom
1637 611 1804 691 Abrahae.
1825 612 1963 698 flerique
1983 611 2204 716 allophyla..

184 700 279 783 fidon
302 698 439 773 Christi:
459 720 548 785 quos.
570 701 711 784 osquam,
731 720 772 768 to
882 701 1007 768 hrota
1033 700 1069 767 itt
1086 700 1167 782 fido:
1220 713 1257 764 ut
1280 700 1372 766 tieret
1394 697 1619 767 Christianus:
1640 699 1699 765 sod
1719 697 1874 767 fidutiam
1894 699 2029 785 pneris
2048 701 2203 771 ahtioera.

188 787 242 856 10.
261 791 298 854 ut
327 805 510 873 oopttoooom
536 787 654 888 iptattt,
682 786 901 870 dpokttiort
926 787 1167 854 rteurreolimtis
1219 785 1295 852 Non
1318 784 1428 853 debuit
1458 805 1500 851 ex
1521 798 1612 852 taato
1642 783 1837 869 impediens,
1867 807 1912 852 ex
1941 785 2050 854 sobrio
2079 786 2203 865 intem·

186 873 264 951 aas,
284 878 314 942 rt
333 873 643 950 oommaoioottoaetrt
658 873 847 956 passionum
866 873 947 957 eius,
974 874 1052 940 dura
1072 873 1166 956 eonfi-
1221 891 1348 955 perans,
1380 891 1422 937 ex
1452 871 1548 956 gravi
1581 882 1616 937 st
1648 870 1784 939 honesto
1811 871 1991 939 diaaolntua
2018 873 2109 940 lieri:
2141 869 2202 941 sed

183 979 283 1046 putor
302 959 398 1028 morti
417 961 498 1037 ritas,
542 959 593 1027 11.
615 957 647 1026 oi
667 978 729 1043 qao
742 959 833 1026 sodo
847 959 1034 1042 perversiore
1054 959 1099 1026 od
1119 978 1168 1026 re·
1219 977 1342 1023 exuere
1364 957 1479 1023 ialsam
1498 955 1743 1041 penuaaionem
1765 957 1909 1024 institiae
1930 959 2094 1042 propriae,
2110 967 2147 1027 ot
2163 959 2203 1033 ia

185 1045 407 1113 modim
427 1050 633 1112 mortuoram.
1219 1063 1291 1109 eam
1314 1042 1484 1126 despuere.
1527 1042 1598 1109 Noa
1625 1062 1756 1127 qnoque
1782 1063 1850 1110 noo
1879 1041 2037 1111 adrerana
2061 1065 2205 1128 operata

611 1206 614 1211 ⁴
1219 1131 1436 1195 substantiam
1455 1129 1672 1212 disputamus,
1694 1149 1796 1213 quum
1818 1128 2052 1208 traotamuade
2073 1129 2204 1215 institia

273 1216 305 1282 7.
329 1214 417 1299 Quos
448 1214 531 1282 milti
557 1215 651 1284 latro
681 1220 782 1283 aaut.
826 1215 938 1284 Lnora
969 1214 1032 1282 sibi
1065 1215 1167 1282 inisse
1221 1215 1310 1282 fidoi:
1338 1214 1397 1280 sod
1420 1212 1579 1282 adversus
1600 1214 1689 1280 illam
1712 1213 1903 1298 qualitatem
1928 1235 2028 1299 quam
2050 1214 2118 1284 illia
2140 1216 2204 1285 ita·

187 1299 267 1369 dioit
295 1315 374 1366 ante
401 1305 570 1385 oognitnm
593 1301 777 1369 Christum.
822 1300 901 1370 Sola
930 1302 1017 1368 enim
1040 1300 1166 1371 Christi
1221 1313 1349 1384 mount
1368 1301 1545 1383 sophistas.
1567 1299 1652 1386 quod
1675 1298 1743 1367 illis
1759 1299 1910 1369 homines
1930 1300 2100 1371 instillari
2123 1321 2203 1370 ooa-

186 1388 375 1474 ignorantia
390 1387 468 1454 laoit
482 1388 707 1454 ntafferamor
723 1406 809 1454 rana
822 1389 1031 1455 eonfidentia.
1054 1387 1167 1469 Quare
1221 1386 1371 1452 tondunt.
1414 1387 1461 1452 Se
1482 1387 1584 1469 igitur
1603 1384 1760 1471 spoliarit
1781 1385 1907 1454 Paulus
1936 1408 2004 1453 non
2036 1388 2203 1472 operibus,

186 1473 243 1539 uhi
271 1471 386 1540 lalsam
418 1472 568 1557 propriae
597 1473 731 1540 virtutis
762 1474 961 1557 opinionem,
991 1472 1046 1540 ubi
1074 1494 1166 1540 arro-
1220 1472 1278 1538 sed
1309 1492 1465 1556 porsena
1488 1471 1606 1539 liduois
1638 1491 1787 1559 operum,
1819 1493 1888 1556 qua
1917 1472 2025 1540 iuerat
2056 1474 2204 1543 indatus.

185 1557 343 1646 gantiam,
358 1558 415 1625 ubi
431 1561 551 1626 laetum
566 1559 741 1642 oeroimua,
756 1558 824 1625 illio
838 1562 981 1626 solamtm
994 1558 1166 1624 Christum
1221 1558 1320 1640 Quod
1341 1558 1381 1623 ad
1411 1557 1545 1626 divitias
1573 1566 1608 1624 et
1631 1557 1774 1625 honoros
1802 1569 1939 1642 speotat,
1968 1559 2024 1627 nbi
2046 1559 2204 1634 adesto·

186 1664 255 1711 non
277 1646 439 1728 eognoaoi.
484 1643 618 1723 Contra,
647 1645 846 1728 simulatque
867 1644 980 1712 illnoot
1000 1645 1166 1728 Christus,
1220 1644 1475 1728 deposuerimus,
1505 1645 1612 1728 parati
1634 1663 1762 1728 quoque
1787 1646 1912 1712 erimus
1933 1665 1987 1712 res
2006 1644 2098 1728 ipsas
2120 1645 2205 1713 abii·

186 1744 355 1797 momento
369 1737 752 1810 evanesount,antosrte
769 1731 930 1796 vilesount
945 1750 1168 1813 quaecumque
1220 1750 1305 1812 oere,
1333 1732 1462 1813 quoties
1491 1731 1539 1795 ita
1560 1730 1672 1815 exiget
1694 1728 1871 1798 Dominus.
1913 1730 1962 1797 lit
1987 1730 2037 1797 ita
2063 1737 2207 1816 oportet.

210 1817 279 1882 rins
308 1814 389 1881 falso
418 1815 592 1899 splendore
620 1817 714 1882 nobis
746 1817 1013 1901 perstringehant
1044 1816 1167 1883 oeulos.
1220 1814 1294 1880 Non
1318 1829 1370 1882 est
1398 1815 1591 1899 simplieitsr
1620 1816 1842 1882 neeessariam
1864 1826 1898 1882 te
1919 1836 1991 1885 ease
2012 1836 2204 1904 panperam,

186 1836 283 1983 zitas
310 1899 321 1964 i
347 1901 412 1966 'tor
434 1900 538 1968 Paulo
567 1901 677 1968 adhue
702 1920 798 1968 oaeoo
825 1903 918 1968 lutra
942 1903 1084 1980 luerunt,
1114 1901 1167 1968 vel
1222 1913 1257 1965 ut
1278 1901 1325 1968 sis
1346 1900 1572 1967 Christianos:
1600 1922 1716 1967 verum
1738 1901 1769 1967 si
1797 1902 1844 1968 ita
1867 1901 2010 1969 Domino
2031 1902 2204 1988 plaouerit,

187 1987 297 2069 potins
340 1986 410 2053 nori
437 1986 545 2054 ooloro
566 2007 641 2053 enm
665 1987 870 2072 dooeperant.
900 2008 940 2053 ea
961 1987 1167 2055 illuminatus
1222 1999 1253 2052 te
1287 1999 1438 2070 paratum
1470 2008 1543 2053 esso
1575 1987 1730 2052 oonronit
1757 1987 1798 2053 ad
1825 1987 2029 2055 subeundam
2064 2009 2203 2073 pauper·

187 2069 308 2138 damna
336 2092 409 2138 esse
439 2070 585 2157 agnovit.
629 2072 700 2140 (lor
729 2073 870 2139 damna?
914 2072 1003 2155 Quia
1030 2073 1165 2156 impedi·
1222 2084 1334 2138 tatem.
1379 2071 1533 2156 Denique
1556 2072 1765 2140 Christianos
1790 2072 1842 2140 las
1863 2095 1929 2140 non
1950 2086 2002 2140 est
2021 2074 2202 2160 quidquam

186 2166 301 2223 manto
315 2165 411 2258 erant
425 2162 602 2261 quominus
616 2157 657 2225 ad
673 2158 845 2226 (lhristum
867 2160 1043 2260 assederat.
1078 2159 1166 2241 Quid
1222 2157 1352 2259 habere.
1364 2174 1459 2224 extra
1480 2158 1663 2260 Christum:
1707 2159 1815 2224 Extra
1833 2157 2002 2259 Christum
2024 2181 2097 2226 assa
2119 2160 2202 2260 dieo,

187 2263 413 2396 limnilll
426 2243 1021 2415 fitilltllffllltllll.
1036 2266 1168 2429 tttll
1221 2244 2203 2430 tllllltltttlttllss„titillanti”ill·

187 2435 258 2483 sna
302 2415 388 2482 Nam
410 2416 452 2482 ad
476 2416 648 2483 Christum
671 2437 738 2482 non
760 2416 975 2501 admittimur,
1004 2417 1066 2482 nisi
1089 2416 1167 2482 nudt
1309 2415 1353 2483 Et
1372 2416 1518 2484 existimo
1530 2417 1762 2484 -ret'eetomenta
1806 2416 1871 2485 Hto
1901 2438 1980 2484 vero
2001 2438 2068 2483 non
2090 2417 2204 2485 verbis

188 2509 223 2574 et
244 2500 360 2567 inanes
383 2502 534 2587 propriae
561 2502 715 2568 institiae.
759 2503 849 2586 Ergo
872 2502 996 2569 Paulus
1023 2504 1167 2587 agnovit,
1221 2501 1338 2580 solum,
1367 2501 1425 2569 sed
1454 2508 1556 2569 etiam
1586 2507 1715 2585 reipsa
1743 2501 1885 2568 multum
1914 2501 2093 2587 amplifloat
2113 2502 2203 2587 quod

188 2584 275 2653 nihil
296 2586 358 2654 sibi
391 2590 497 2670 magia
519 2609 591 2688 esse
620 2589 837 2671 pernioiosnm
865 2589 999 2674 propris
1026 2587 1167 2656 iustitia:
1223 2589 1315 2671 prins
1343 2588 1440 2654 dixit.
1467 2588 1569 2688 ⁸Num
1598 2590 1652 2672 qui
1678 2589 1836 2689 ahiioinnt
1865 2610 1990 2657 meroes
2018 2598 2054 2655 et
2074 2587 2141 2655 alia
2165 2590 2202 2655 in

187 2682 306 2826 utpotge
322 2691 429 2840 (gagis
445 2673 937 2858 gizaetffillddergdgrdifimt
968 2782 1004 2827 se
1033 2781 1168 2827 manere
1222 2687 1373 2826 ἓηίἲῖῗίιιῖιε
1391 2673 2204 2844 22ngqsurssdffiiurgotn&quagritrteznepngggtemffi

187 2842 223 2911 in
245 2845 427 2910 sententia:
457 2864 532 2928 quta
553 2866 650 2931 saepe
672 2848 710 2911 fit
736 2855 774 2912 ul
795 2867 904 2913 rerum
929 2868 1088 2913 novarum
1112 2846 1167 2911 de·
1221 2868 1318 2929 quam
1338 2846 1484 2931 demergi
1500 2867 1574 2912 oum
1589 2849 1659 2911 suis
1676 2846 1802 2929 opibus.
1824 2866 1880 2912 eas
1895 2848 2027 2930 quidem
2047 2846 2201 2930 perdunt,

187 2928 365 2996 lentatione
387 2929 524 3013 abrepti,
547 2931 628 2998 alias
649 2952 764 2998 omnes
784 2933 1034 2999 oblivisoamurt
1056 2944 1168 3015 postea
1221 2953 1318 3016 aegre
1349 2943 1458 2997 tamon
1489 2943 1523 2998 et
1543 2952 1616 2999 oum
1648 2933 1790 3016 gemitu:
1821 2932 1875 2997 ubi
1905 2954 1985 2999 vero
2013 2939 2203 3014 saturant,

188 3028 300 3082 antem
337 3036 398 3083 noe
434 3018 611 3100 poeniteat.
670 3017 783 3099 Quare
815 3018 958 3095 Paulus,
995 3032 1167 3102 postquam
1221 3038 1335 3083 earum
1369 3019 1579 3084 amissionem
1613 3019 1737 3103 lugent.
1783 3018 1907 3084 Paulus
1939 3027 2051 3085 autem
2083 3027 2204 3086 eontra

188 3101 273 3167 dixit
287 3123 324 3168 se
341 3104 548 3169 renuntiasse
563 3101 804 3186 impedimentis
818 3105 979 3182 omnihus.
997 3117 1036 3170 ut
1051 3103 1167 3171 Ohris·
1220 3103 1347 3187 asserit,
1376 3126 1444 3169 non
1467 3105 1563 3170 modo
1590 3127 1626 3170 ae
1648 3104 1822 3188 reliquisse
1850 3102 2009 3189 quidquid
2037 3119 2116 3172 ante
2144 3103 2202 3170 ha·

188 3198 258 3254 tum
273 3189 468 3272 possideret:
485 3191 548 3254 iam
565 3190 666 3269 addit,
680 3189 742 3254 aibi
758 3211 891 3256 manere
906 3190 994 3258 huno
1009 3192 1167 3257 animum.
1221 3190 1317 3255 habat
1347 3191 1541 3271 pretiosum:
1570 3192 1627 3256 sed
1657 3190 1719 3256 sibi
1750 3191 1857 3255 instar
1884 3190 2039 3257 aterooris
2069 3192 2202 3274 foetere,

275 3273 412 3356 Propter
439 3275 639 3341 eminentiam
667 3276 858 3359 ooqoitiortis.
903 3276 1045 3343 Extollit
1066 3297 1167 3342 evan·
1221 3277 1273 3342 vel
1290 3275 1422 3342 sordere
1438 3280 1543 3342 instar
1561 3297 1680 3352 rerum,
1698 3296 1781 3359 quae
1795 3277 2011 3360 oontemptim
2026 3276 2201 3360 proiioiun·

188 3358 309 3443 gelium
332 3360 490 3427 adversus
512 3360 594 3427 alias
615 3381 728 3427 omnes
751 3363 978 3445 persuasiones
1000 3382 1083 3446 qnae
1105 3380 1167 3428 nos
1221 3373 1285 3429 tur.
1329 3361 1587 3448 chrysostomus
1609 3362 1719 3446 paleas
1740 3363 1989 3446 interpretatur.
2023 3362 2202 3433 Gramma·

188 3444 367 3528 dsoipiunt.
389 3444 554 3512 Videntur
567 3447 657 3512 enim
672 3448 776 3512 multa
790 3450 950 3514 eminere:
967 3448 1025 3514 sed
1042 3447 1167 3514 christi
1222 3448 1276 3514 tioi
1294 3460 1405 3514 antem
1429 3445 1592 3534 σκύβαλον
1615 3448 1736 3514 dietum
1763 3460 1884 3530 putant
1903 3449 1998 3533 quasi
2012 3447 2202 3535 κυσῑβαλον,

187 3531 331 3615 segnitie
360 3550 423 3597 eus
449 3532 651 3598 sublimitate
672 3530 754 3598 adeo
776 3537 887 3599 omnia
908 3546 1096 3619 exsuperat,
1130 3547 1168 3599 nt
1221 3533 1307 3617 quod
1342 3535 1510 3617 proiioitur
1542 3534 1689 3601 oanihns.
1733 3534 1780 3599 Et
1811 3548 1901 3602 sorte
1932 3537 2051 3601 merito
2077 3541 2202 3602 loetora
2265 3598 2268 3602 ,

186 3616 701 3787 tertulllianus
708 3616 1168 3788 ll'lttlllt..¹ilttltllt
1221 3621 1317 3790 llll
1331 3621 1441 3771 llll.
1456 3619 2204 3776 thllllitltlmttltiltuit

187 3786 287 3870 Quod
307 3789 526 3855 Dominum
549 3810 665 3855 snum
686 3801 790 3870 vooat,
812 3792 846 3858 id
861 3792 904 3859 ad
918 3791 1167 3876 exprimendam
1220 3792 1327 3876 debet,
1350 3812 1449 3875 quum
1473 3792 1559 3857 nihil
1580 3793 1624 3858 sit
1644 3812 1742 3875 qnam
1765 3792 1846 3858 lalsa
1867 3792 2070 3878 imaginatio.

187 3873 323 3942 affeotus
346 3875 588 3949 vehementiam
610 3873 697 3942 faoit
729 3961 733 3967 ¹
1313 3875 1355 3946 Ut
1389 3876 1550 3945 obruam
1580 3876 1788 3962 laorifooioat
1842 3877 1917 3946 Hoo
1948 3877 2050 3945 verbo
2082 3877 2202 3960 innuit,

275 3959 410 4044 Propior
430 3981 521 4043 quern
541 3961 858 4066 omoiuot'ioolttrottr
875 3961 948 4062 soti.
993 3962 1168 4065 P¹⁰⁸.di.⁰ll
1221 3984 1287 4029 non
1302 3984 1403 4065 ,posse
1424 3965 1521 4031 aliter
1541 3963 1892 4065 christumluoriiieri
1913 3952 2060 4048 quamsi
2085 3974 2203 4033 noatn

186 4046 1167 4220 tltltlthdtmttlltlht:tilletlllt
1220 4049 1539 4203 luttoldi·
1553 4049 2104 4203 .lt¹l‘rt¹¹¹:¹tl⁰.·.⁰⁸:tt.¹·tt
2125 4070 2201 4203 ᾗ

186 4215 260 4281 eolo
288 4216 451 4301 naufragii
480 4218 601 4286 iaotnm
623 4219 750 4287 fatiunt
778 4222 936 4298 omnium,
965 4232 1003 4285 ut
1024 4221 1108 4287 salvi
1130 4221 1165 4286 in
1220 4221 1337 4287 titudo.
1380 4221 1497 4303 Qualis
1518 4237 1628 4288 antem
1651 4219 1736 4287 ratio
1758 4221 1803 4286 sit
1824 4220 1994 4305 perdendi,
2016 4220 2200 4306 pripsdia·

185 4311 437 4459 mre-Quales
458 4317 649 4456 axonessata,
672 4306 910 4458 [ιοιιοιῖξιιιέἓὴᾖ
919 4305 1066 4389 Spoliari
1088 4327 1167 4457 erqo
1220 4321 1300 4461 gp?
1324 4316 1536 4459 esttidnsmps
1568 4317 1613 4457 gg
1640 4305 1723 4457 niihil
1742 4326 1817 4455 ¹nos
1849 4306 1991 4408 abdnoat
2022 4309 2065 4375 ab
2098 4309 2201 4408 utrina

186 4409 329 4574 nu.
343 4409 866 4578 ;t.⁰.⁸.·:u;rq.ur.f..
900 4400 1168 4578 taust
1514 4391 2203 4578 tt...t.f⁰tfftttr⁰.rttrttu

187 4555 322 4637 unua.
352 4568 386 4626 et
412 4559 600 4640 honoribus,
632 4575 666 4629 st
691 4583 824 4649 genens
852 4561 1026 4644 nobrhtati,
1053 4573 1088 4630 et
1108 4584 1166 4630 sx-
1220 4563 1339 4630 dooere
1349 4583 1443 4631 suam
1453 4573 1627 4628 instruam:
1640 4583 1697 4645 qut
1727 4560 2201 4641 srhtrolunthodiernil'hatt'·

186 4651 302 4731 ternae
328 4647 429 4733 etiam
458 4648 606 4714 institiae
633 4668 694 4716 noa
715 4649 925 4733 renuntiare,
954 4670 1018 4735 quo
1048 4649 1168 4717 flamna
1219 4650 1297 4734 saei,
1318 4650 1373 4733 qni
1387 4649 1476 4714 omni
1492 4647 1691 4731 flagitiorum
1707 4668 1829 4732 genera
1853 4650 2201 4735 ooopertisnatamn

186 4727 315 4799 ohristi
336 4733 523 4819 partioipes.
568 4734 653 4801 Nam
677 4746 754 4800 sunt
785 4735 897 4801 omnia
916 4734 975 4801 illa
997 4735 1083 4802 dona
1104 4735 1168 4801 Dei
1220 4737 1339 4801 merita
1366 4735 1524 4799 advorsus
1545 4730 1716 4799 Christum
1745 4734 1863 4800 efferre
1885 4756 1952 4802 non
1974 4734 2201 4809 omossonutt

184 4837 246 4902 per
266 4838 303 4886 se
321 4838 527 4905 nequaqnam
541 4821 779 4904 adspernanda.
812 4821 1018 4904 Respondeo.
1041 4832 1167 4904 aposto·
1306 4819 1337 4886 9.
1359 4818 1404 4886 st
1423 4818 1640 4894 iaomiomitt
1659 4819 1738 4902 ipso.
1775 4820 1926 4889 Verbum
1942 4831 1995 4889 eat
2011 4824 2201 4907 paaairum

185 4905 256 4971 lum
286 4903 340 4973 hio
361 4926 426 4971 non
457 4915 527 4972 tam
557 4907 646 4991 loqui
679 4905 721 4972 do
746 4906 845 4975 rebus
873 4907 965 4992 ipsis,
996 4925 1097 4991 quam
1126 4906 1167 4971 de
1218 4904 1293 4973 ideo
1321 4904 1379 4972 alii
1411 4923 1525 4971 omnes
1557 4916 1740 4989 verterunt,
1772 4905 1934 4973 inveniar.
1978 4905 2047 4976 Sed
2113 4908 2158 4985 ’ἶ

186 4989 355 5080 qualitate.
398 4991 462 5075 Est
483 4992 614 5077 quidem
636 4990 720 5058 illud
743 5013 868 5072 rarum,
901 5012 1041 5079 regnum
1061 4989 1166 5058 ooelo·
1219 5001 1411 5060 oontextnm
1427 5000 1653 5073 praetereunt:
1676 4991 1769 5076 quasi
1784 4991 1877 5058 nulla
1892 4993 2041 5062 subesset
2061 5014 2115 5063 am
2196 5072 2199 5077 ¹

186 5095 263 5163 pum
291 5076 400 5157 simile
428 5099 507 5162 esse,
532 5080 695 5162 pretiosae
722 5079 929 5162 margaritas,
959 5078 1056 5145 onina
1081 5076 1165 5143 rodi·
1219 5079 1275 5144 sis.
1318 5075 1358 5144 si
1389 5074 1517 5160 passive
1550 5074 1651 5160 lagos,
1683 5076 1856 5146 antithesis
1884 5078 2113 5157 subaudienda
2139 5089 2204 5165 aab

187 5158 326 5229 mendae
347 5184 447 5231 oansa
464 5163 614 5231 dubitare
635 5185 732 5231 nemo
753 5164 870 5231 debeat
885 5161 1045 5247 quidquid
1068 5160 1167 5231 habet
1219 5161 1361 5229 Paulum
1395 5161 1688 5244 iubae-perditum
1716 5173 1897 5247 antequam
1917 5163 2083 5235 ⁴inuentus
2111 5174 2204 5242 esau

186 5243 341 5313 vendere.
385 5247 453 5317 Sed
474 5250 509 5314 in
536 5250 635 5317 rebos
662 5250 751 5316 alind
773 5258 825 5316 ast
848 5248 1045 5330 substantia,
1076 5246 1165 5316 aliud
1218 5246 1420 5314 inebriato.
1465 5243 1753 5327 Quemadmodum
1774 5247 1869 5316 diros
1883 5265 2045 5327 meroatot
2066 5252 2203 5338 perdito

186 5328 366 5415 qualitas...
382 5330 614 5413 Nonusooaae
635 5333 752 5403 hahuit
767 5332 896 5402 Paulos
916 5333 1068 5403 ahdioaro
1088 5355 1125 5403 ro
1145 5353 1166 5401 a
1217 5330 1335 5407 similia
1354 5340 1416 5411 eat
1443 5331 1601 5416 qoamdin
1621 5343 1774 5401 onnstm
1796 5333 1895 5403 hahet
1919 5348 2041 5407 narem
2060 5338 2203 5425 opihnar
