<?xml version="1.0" encoding="UTF-8"?>
<!DOCTYPE html PUBLIC "-//W3C//DTD XHTML 1.0 Transitional//EN"
    "http://www.w3.org/TR/xhtml1/DTD/xhtml1-transitional.dtd">
<html xmlns="http://www.w3.org/1999/xhtml" xml:lang="en" lang="en">
 <head>
  <title>
</title>
<meta http-equiv="Content-Type" content="text/html;charset=utf-8" />
  <meta name='ocr-system' content='tesseract 3.04.00' />
  <meta name='ocr-capabilities' content='ocr_page ocr_carea ocr_par ocr_line ocrx_word'/>
</head>
<body>
  <div class='ocr_page' id='page_1' title='image "./ioanniscalvinio00calvgoog/ioanniscalvinio00calvgoog_0448.png"; bbox 0 0 4762 6016; ppageno 0'>
   <div class='ocr_carea' id='block_1_1' title="bbox 186 416 2182 492">
    <p class='ocr_par' dir='ltr' id='par_1_1' title="bbox 186 416 2182 492">
     <span class='ocr_line' id='line_1_1' title="bbox 186 416 2182 492; baseline -0.003 -1"><span class='ocrx_word' id='word_1_1' title='bbox 186 424 249 492; x_wconf 78' lang='lat'><strong>105</strong></span> <span class='ocrx_word' id='word_1_2' title='bbox 1074 416 1225 484; x_wconf 69' lang='lat' dir='ltr'><strong>OAPUT</strong></span> <span class='ocrx_word' id='word_1_3' title='bbox 1247 418 1293 483; x_wconf 90' lang='lat'><strong>11.</strong></span> <span class='ocrx_word' id='word_1_4' title='bbox 2121 421 2182 487; x_wconf 91' lang='grc'><strong>106</strong></span> 
     </span>
    </p>
   </div>
   <div class='ocr_carea' id='block_1_2' title="bbox 185 603 2184 3688">
    <p class='ocr_par' dir='ltr' id='par_1_2' title="bbox 185 603 2184 3688">
     <span class='ocr_line' id='line_1_2' title="bbox 186 603 2183 691; baseline -0.003 -11"><span class='ocrx_word' id='word_1_5' title='bbox 186 631 295 680; x_wconf 62' lang='lat' dir='ltr'><strong>essm</strong></span> <span class='ocrx_word' id='word_1_6' title='bbox 321 609 472 679; x_wconf 59' lang='lat' dir='ltr'><strong>moestos</strong></span> <span class='ocrx_word' id='word_1_7' title='bbox 499 608 589 676; x_wconf 79' lang='lat' dir='ltr'><strong>nobis</strong></span> <span class='ocrx_word' id='word_1_8' title='bbox 614 605 817 687; x_wconf 71' lang='lat' dir='ltr'><strong>eiresmduri,</strong></span> <span class='ocrx_word' id='word_1_9' title='bbox 845 625 884 672; x_wconf 81' lang='lat' dir='ltr'><strong>ne</strong></span> <span class='ocrx_word' id='word_1_10' title='bbox 914 625 935 672; x_wconf 87' lang='lat' dir='ltr'><strong>u</strong></span> <span class='ocrx_word' id='word_1_11' title='bbox 966 603 1089 671; x_wconf 72' lang='lat' dir='ltr'><strong>Christo</strong></span> <span class='ocrx_word' id='word_1_12' title='bbox 1116 604 1163 670; x_wconf 87' lang='lat' dir='ltr'><strong>uel</strong></span> <span class='ocrx_word' id='word_1_13' title='bbox 1215 605 1303 689; x_wconf 87' lang='lat' dir='ltr'><strong>oipot</strong></span> <span class='ocrx_word' id='word_1_14' title='bbox 1334 604 1469 690; x_wconf 89' lang='lat' dir='ltr'><strong>Peulus,</strong></span> <span class='ocrx_word' id='word_1_15' title='bbox 1502 606 1589 674; x_wconf 86' lang='lat' dir='ltr'><strong>lsotu</strong></span> <span class='ocrx_word' id='word_1_16' title='bbox 1622 605 1773 691; x_wconf 77' lang='lat' dir='ltr'><strong>baptismi</strong></span> <span class='ocrx_word' id='word_1_17' title='bbox 1806 606 1983 671; x_wconf 90' lang='lat' dir='ltr'><strong>mentione.</strong></span> <span class='ocrx_word' id='word_1_18' title='bbox 2034 606 2183 675; x_wconf 84' lang='lat' dir='ltr'><strong>(iirenm-</strong></span> 
     </span>
     <span class='ocr_line' id='line_1_3' title="bbox 185 691 2183 778; baseline -0.002 -12"><span class='ocrx_word' id='word_1_19' title='bbox 185 698 343 766; x_wconf 76' lang='lat' dir='ltr'><strong>tuettsllttm</strong></span> <span class='ocrx_word' id='word_1_20' title='bbox 364 697 498 764; x_wconf 72' lang='lat' dir='ltr'><strong>uiseret</strong></span> <span class='ocrx_word' id='word_1_21' title='bbox 515 695 595 778; x_wconf 72' lang='lat' dir='ltr'><strong>fides</strong></span> <span class='ocrx_word' id='word_1_22' title='bbox 615 698 733 760; x_wconf 82' lang='lat' dir='ltr'><strong>nostru.</strong></span> <span class='ocrx_word' id='word_1_23' title='bbox 1214 692 1387 770; x_wconf 87' lang='lat' dir='ltr'><strong>uisiouem,</strong></span> <span class='ocrx_word' id='word_1_24' title='bbox 1430 692 1552 776; x_wconf 89' lang='lat' dir='ltr'><strong>inquit,</strong></span> <span class='ocrx_word' id='word_1_25' title='bbox 1596 691 1798 777; x_wconf 73' lang='lat' dir='ltr'><strong>spiritualem</strong></span> <span class='ocrx_word' id='word_1_26' title='bbox 1843 693 1970 776; x_wconf 76' lang='lat' dir='ltr'><strong>peregit</strong></span> <span class='ocrx_word' id='word_1_27' title='bbox 2011 693 2048 758; x_wconf 93' lang='lat' dir='ltr'><strong>in</strong></span> <span class='ocrx_word' id='word_1_28' title='bbox 2089 695 2183 763; x_wconf 92' lang='lat' dir='ltr'><strong>nobis</strong></span> 
     </span>
     <span class='ocr_line' id='line_1_4' title="bbox 274 775 2181 866; baseline -0.001 -18"><span class='ocrx_word' id='word_1_29' title='bbox 274 780 583 864; x_wconf 73' lang='lat' dir='ltr'><strong>11.1eqsoettem</strong></span> <span class='ocrx_word' id='word_1_30' title='bbox 603 776 876 847; x_wconf 71' lang='lat' dir='ltr'><strong>eteereemeet</strong></span> <span class='ocrx_word' id='word_1_31' title='bbox 920 775 1010 842; x_wconf 85' lang='lat' dir='ltr'><strong>Hine</strong></span> <span class='ocrx_word' id='word_1_32' title='bbox 1026 782 1163 861; x_wconf 87' lang='lat' dir='ltr'><strong>sppsret</strong></span> <span class='ocrx_word' id='word_1_33' title='bbox 1215 776 1377 860; x_wconf 87' lang='lat' dir='ltr'><strong>Ohristus,</strong></span> <span class='ocrx_word' id='word_1_34' title='bbox 1406 797 1474 843; x_wconf 92' lang='lat' dir='ltr'><strong>non</strong></span> <span class='ocrx_word' id='word_1_35' title='bbox 1504 776 1726 846; x_wconf 85' lang='lat' dir='ltr'><strong>intersedente</strong></span> <span class='ocrx_word' id='word_1_36' title='bbox 1748 783 1859 844; x_wconf 85' lang='lat' dir='ltr'><strong>vetere</strong></span> <span class='ocrx_word' id='word_1_37' title='bbox 1887 777 1944 844; x_wconf 92' lang='lat' dir='ltr'><strong>illo</strong></span> <span class='ocrx_word' id='word_1_38' title='bbox 1976 776 2071 864; x_wconf 77' lang='lat' dir='ltr'><strong>signo</strong></span> <span class='ocrx_word' id='word_1_39' title='bbox 2095 780 2181 866; x_wconf 86' lang='lat' dir='ltr'><strong>quod</strong></span> 
     </span>
     <span class='ocr_line' id='line_1_5' title="bbox 186 860 2184 954; baseline -0.003 -16"><span class='ocrx_word' id='word_1_40' title='bbox 186 867 453 954; x_wconf 84' lang='lat' dir='ltr'><strong>diseeptutionem</strong></span> <span class='ocrx_word' id='word_1_41' title='bbox 464 866 515 931; x_wconf 92' lang='lat' dir='ltr'><strong>illi</strong></span> <span class='ocrx_word' id='word_1_42' title='bbox 525 886 597 933; x_wconf 92' lang='lat' dir='ltr'><strong>esse</strong></span> <span class='ocrx_word' id='word_1_43' title='bbox 607 885 681 932; x_wconf 91' lang='lat' dir='ltr'><strong>uum</strong></span> <span class='ocrx_word' id='word_1_44' title='bbox 693 861 979 948; x_wconf 77' lang='lat' dir='ltr'><strong>pseudoapostolis,</strong></span> <span class='ocrx_word' id='word_1_45' title='bbox 992 861 1046 945; x_wconf 86' lang='lat' dir='ltr'><strong>qui</strong></span> <span class='ocrx_word' id='word_1_46' title='bbox 1056 860 1161 947; x_wconf 77' lang='lat' dir='ltr'><strong>legem</strong></span> <span class='ocrx_word' id='word_1_47' title='bbox 1213 862 1274 929; x_wconf 90' lang='lat' dir='ltr'><strong>sub</strong></span> <span class='ocrx_word' id='word_1_48' title='bbox 1297 863 1389 930; x_wconf 86' lang='lat' dir='ltr'><strong>Mose</strong></span> <span class='ocrx_word' id='word_1_49' title='bbox 1410 862 1526 948; x_wconf 79' lang='lat' dir='ltr'><strong>veluit,</strong></span> <span class='ocrx_word' id='word_1_50' title='bbox 1547 861 1604 930; x_wconf 84' lang='lat' dir='ltr'><strong>sed</strong></span> <span class='ocrx_word' id='word_1_51' title='bbox 1627 861 1799 947; x_wconf 87' lang='lat' dir='ltr'><strong>bsptismo.</strong></span> <span class='ocrx_word' id='word_1_52' title='bbox 1833 862 1897 928; x_wconf 88' lang='lat' dir='ltr'><strong>Rei</strong></span> <span class='ocrx_word' id='word_1_53' title='bbox 1919 881 1997 949; x_wconf 77' lang='lat' dir='ltr'><strong>ergo</strong></span> <span class='ocrx_word' id='word_1_54' title='bbox 2018 862 2184 932; x_wconf 80' lang='lat' dir='ltr'><strong>exhibitos</strong></span> 
     </span>
     <span class='ocr_line' id='line_1_6' title="bbox 186 945 2184 1121; baseline -0.004 -12"><span class='ocrx_word' id='word_1_55' title='bbox 186 951 581 1109; x_wconf 49' lang='grc'><strong>1111111111</strong></span> <span class='ocrx_word' id='word_1_56' title='bbox 604 945 1164 1104; x_wconf 54' lang='lat' dir='ltr'><strong>ffltmtltllitttttl</strong></span> <span class='ocrx_word' id='word_1_57' title='bbox 1214 949 1429 1102; x_wconf 63' lang='lat' dir='ltr'><strong>ililiel‘</strong></span> <span class='ocrx_word' id='word_1_58' title='bbox 1460 949 1789 1121; x_wconf 46' lang='grc' dir='ltr'><strong>11ῗέἒὲεέἰὲ</strong></span> <span class='ocrx_word' id='word_1_59' title='bbox 1814 949 2184 1102; x_wconf 53' lang='lat' dir='ltr'><strong>iiiiiimiffif</strong></span> 
     </span>
     <span class='ocr_line' id='line_1_7' title="bbox 188 1055 2183 1210; baseline -0.004 -16"><span class='ocrx_word' id='word_1_60' title='bbox 188 1124 330 1210; x_wconf 85' lang='lat' dir='ltr'><strong>exempli</strong></span> <span class='ocrx_word' id='word_1_61' title='bbox 352 1060 461 1192; x_wconf 53' lang='lat' dir='ltr'><strong>eeusg.</strong></span> <span class='ocrx_word' id='word_1_62' title='bbox 504 1056 793 1190; x_wconf 62' lang='lat' dir='ltr'><strong>cesumiisionen</strong></span> <span class='ocrx_word' id='word_1_63' title='bbox 825 1120 998 1186; x_wconf 80' lang='lat' dir='ltr'><strong>mussitem</strong></span> <span class='ocrx_word' id='word_1_64' title='bbox 1021 1138 1087 1184; x_wconf 91' lang='lat' dir='ltr'><strong>nou</strong></span> <span class='ocrx_word' id='word_1_65' title='bbox 1109 1081 1163 1183; x_wconf 67' lang='lat' dir='ltr'><strong>su3</strong></span> <span class='ocrx_word' id='word_1_66' title='bbox 1215 1119 1306 1186; x_wconf 88' lang='lat' dir='ltr'><strong>Deus</strong></span> <span class='ocrx_word' id='word_1_67' title='bbox 1327 1119 1500 1188; x_wconf 77' lang='lat' dir='ltr'><strong>ordinavit.</strong></span> <span class='ocrx_word' id='word_1_68' title='bbox 1544 1121 1629 1188; x_wconf 80' lang='lat' dir='ltr'><strong>Num</strong></span> <span class='ocrx_word' id='word_1_69' title='bbox 1652 1124 1710 1205; x_wconf 85' lang='lat' dir='ltr'><strong>qui</strong></span> <span class='ocrx_word' id='word_1_70' title='bbox 1730 1120 2010 1188; x_wconf 90' lang='lat' dir='ltr'><strong>oiroumoisionem</strong></span> <span class='ocrx_word' id='word_1_71' title='bbox 2027 1055 2183 1203; x_wconf 50' lang='lat' dir='ltr'><strong>retiient,</strong></span> 
     </span>
     <span class='ocr_line' id='line_1_8' title="bbox 187 1202 2183 1299; baseline -0.003 -20"><span class='ocrx_word' id='word_1_72' title='bbox 187 1229 383 1299; x_wconf 81' lang='lat' dir='ltr'><strong>persuousm</strong></span> <span class='ocrx_word' id='word_1_73' title='bbox 398 1208 505 1289; x_wconf 85' lang='lat' dir='ltr'><strong>modo,</strong></span> <span class='ocrx_word' id='word_1_74' title='bbox 527 1208 584 1275; x_wconf 82' lang='lat' dir='ltr'><strong>sed</strong></span> <span class='ocrx_word' id='word_1_75' title='bbox 606 1206 774 1274; x_wconf 85' lang='lat' dir='ltr'><strong>sOhristo</strong></span> <span class='ocrx_word' id='word_1_76' title='bbox 795 1204 933 1272; x_wconf 87' lang='lat' dir='ltr'><strong>slieusm</strong></span> <span class='ocrx_word' id='word_1_77' title='bbox 949 1225 1020 1271; x_wconf 91' lang='lat' dir='ltr'><strong>esse</strong></span> <span class='ocrx_word' id='word_1_78' title='bbox 1036 1202 1162 1288; x_wconf 84' lang='lat' dir='ltr'><strong>probet,</strong></span> <span class='ocrx_word' id='word_1_79' title='bbox 1214 1205 1347 1272; x_wconf 90' lang='lat' dir='ltr'><strong>modum</strong></span> <span class='ocrx_word' id='word_1_80' title='bbox 1391 1207 1522 1292; x_wconf 74' lang='lat' dir='ltr'><strong>lingunt</strong></span> <span class='ocrx_word' id='word_1_81' title='bbox 1564 1207 1817 1292; x_wconf 71' lang='lat' dir='ltr'><strong>dmpenssuonis</strong></span> <span class='ocrx_word' id='word_1_82' title='bbox 1853 1206 1893 1273; x_wconf 87' lang='lat' dir='ltr'><strong>eb</strong></span> <span class='ocrx_word' id='word_1_83' title='bbox 1929 1226 1968 1273; x_wconf 91' lang='lat' dir='ltr'><strong>eo</strong></span> <span class='ocrx_word' id='word_1_84' title='bbox 2004 1205 2183 1288; x_wconf 77' lang='lat' dir='ltr'><strong>diversum,</strong></span> 
     </span>
     <span class='ocr_line' id='line_1_9' title="bbox 210 1290 2182 1442; baseline -0.003 -78"><span class='ocrx_word' id='word_1_85' title='bbox 210 1298 266 1364; x_wconf 84' lang='lat' dir='ltr'><strong>uis</strong></span> <span class='ocrx_word' id='word_1_86' title='bbox 301 1296 448 1362; x_wconf 84' lang='lat' dir='ltr'><strong>destruet</strong></span> <span class='ocrx_word' id='word_1_87' title='bbox 479 1292 685 1378; x_wconf 71' lang='lat' dir='ltr'><strong>spiritualem</strong></span> <span class='ocrx_word' id='word_1_88' title='bbox 715 1290 842 1360; x_wconf 86' lang='lat' dir='ltr'><strong>(lhristi</strong></span> <span class='ocrx_word' id='word_1_89' title='bbox 871 1291 1161 1356; x_wconf 89' lang='lat' dir='ltr'><strong>oireumeisionem.</strong></span> <span class='ocrx_word' id='word_1_90' title='bbox 1213 1310 1309 1442; x_wconf 49' lang='lat' dir='ltr'><strong>{imm</strong></span> <span class='ocrx_word' id='word_1_91' title='bbox 1332 1290 1424 1360; x_wconf 91' lang='lat' dir='ltr'><strong>Deus</strong></span> <span class='ocrx_word' id='word_1_92' title='bbox 1451 1292 1605 1360; x_wconf 88' lang='lat' dir='ltr'><strong>instituit</strong></span> <span class='ocrx_word' id='word_1_93' title='bbox 1650 1291 1745 1375; x_wconf 82' lang='lat' dir='ltr'><strong>Quod</strong></span> <span class='ocrx_word' id='word_1_94' title='bbox 1776 1290 1854 1358; x_wconf 78' lang='lat' dir='ltr'><strong>‹liuit</strong></span> <span class='ocrx_word' id='word_1_95' title='bbox 1874 1311 1935 1359; x_wconf 92' lang='lat' dir='ltr'><strong>nos</strong></span> <span class='ocrx_word' id='word_1_96' title='bbox 1956 1292 2088 1377; x_wconf 90' lang='lat' dir='ltr'><strong>sepeliri</strong></span> <span class='ocrx_word' id='word_1_97' title='bbox 2108 1315 2182 1359; x_wconf 89' lang='lat' dir='ltr'><strong>eum</strong></span> 
     </span>
     <span class='ocr_line' id='line_1_10' title="bbox 187 1320 2182 1463; baseline -0.003 -12"><span class='ocrx_word' id='word_1_98' title='bbox 187 1320 274 1451; x_wconf 46' lang='lat' dir='ltr'><strong>ium</strong></span> <span class='ocrx_word' id='word_1_99' title='bbox 296 1381 331 1446; x_wconf 92' lang='lat' dir='ltr'><strong>in</strong></span> <span class='ocrx_word' id='word_1_100' title='bbox 353 1380 442 1449; x_wconf 89' lang='lat' dir='ltr'><strong>hune</strong></span> <span class='ocrx_word' id='word_1_101' title='bbox 470 1381 572 1446; x_wconf 89' lang='lat' dir='ltr'><strong>linem</strong></span> <span class='ocrx_word' id='word_1_102' title='bbox 594 1378 671 1445; x_wconf 86' lang='lat' dir='ltr'><strong>dots</strong></span> <span class='ocrx_word' id='word_1_103' title='bbox 697 1378 760 1443; x_wconf 88' lang='lat' dir='ltr'><strong>luit</strong></span> <span class='ocrx_word' id='word_1_104' title='bbox 781 1375 983 1444; x_wconf 86' lang='lat' dir='ltr'><strong>eiroumuisio</strong></span> <span class='ocrx_word' id='word_1_105' title='bbox 1004 1376 1162 1459; x_wconf 88' lang='lat' dir='ltr'><strong>putribus,</strong></span> <span class='ocrx_word' id='word_1_106' title='bbox 1243 1374 1357 1457; x_wconf 83' lang='lat' dir='ltr'><strong>bristo,</strong></span> <span class='ocrx_word' id='word_1_107' title='bbox 1384 1379 1459 1461; x_wconf 91' lang='lat' dir='ltr'><strong>plus</strong></span> <span class='ocrx_word' id='word_1_108' title='bbox 1486 1389 1535 1445; x_wconf 88' lang='lat' dir='ltr'><strong>est</strong></span> <span class='ocrx_word' id='word_1_109' title='bbox 1561 1398 1659 1463; x_wconf 82' lang='lat' dir='ltr'><strong>quum</strong></span> <span class='ocrx_word' id='word_1_110' title='bbox 1689 1377 1849 1462; x_wconf 81' lang='lat' dir='ltr'><strong>eruoiligi.</strong></span> <span class='ocrx_word' id='word_1_111' title='bbox 1895 1376 2073 1462; x_wconf 77' lang='lat' dir='ltr'><strong>Sepultura</strong></span> <span class='ocrx_word' id='word_1_112' title='bbox 2094 1380 2182 1445; x_wconf 92' lang='lat' dir='ltr'><strong>euim</strong></span> 
     </span>
     <span class='ocr_line' id='line_1_11' title="bbox 187 1460 2182 1554; baseline -0.002 -19"><span class='ocrx_word' id='word_1_113' title='bbox 187 1477 225 1536; x_wconf 86' lang='lat' dir='ltr'><strong>nt</strong></span> <span class='ocrx_word' id='word_1_114' title='bbox 245 1469 352 1554; x_wconf 78' lang='lat' dir='ltr'><strong>ligure</strong></span> <span class='ocrx_word' id='word_1_115' title='bbox 372 1469 460 1533; x_wconf 88' lang='lat' dir='ltr'><strong>esset</strong></span> <span class='ocrx_word' id='word_1_116' title='bbox 480 1465 530 1532; x_wconf 90' lang='lat' dir='ltr'><strong>rei</strong></span> <span class='ocrx_word' id='word_1_117' title='bbox 551 1463 706 1531; x_wconf 79' lang='lat' dir='ltr'><strong>uisentis.</strong></span> <span class='ocrx_word' id='word_1_118' title='bbox 745 1462 813 1544; x_wconf 80' lang='lat' dir='ltr'><strong>Qui</strong></span> <span class='ocrx_word' id='word_1_119' title='bbox 827 1462 931 1548; x_wconf 80' lang='lat' dir='ltr'><strong>igitur</strong></span> <span class='ocrx_word' id='word_1_120' title='bbox 947 1472 1021 1546; x_wconf 88' lang='lat' dir='ltr'><strong>post</strong></span> <span class='ocrx_word' id='word_1_121' title='bbox 1036 1460 1161 1528; x_wconf 83' lang='lat' dir='ltr'><strong>(lhristi</strong></span> <span class='ocrx_word' id='word_1_122' title='bbox 1213 1463 1407 1530; x_wconf 90' lang='lat' dir='ltr'><strong>eontinuum</strong></span> <span class='ocrx_word' id='word_1_123' title='bbox 1459 1464 1721 1531; x_wconf 83' lang='lat' dir='ltr'><strong>mortifiostionis</strong></span> <span class='ocrx_word' id='word_1_124' title='bbox 1769 1483 1977 1550; x_wconf 83' lang='lat' dir='ltr'><strong>progressum</strong></span> <span class='ocrx_word' id='word_1_125' title='bbox 2020 1465 2182 1549; x_wconf 81' lang='lat' dir='ltr'><strong>exprimit.</strong></span> 
     </span>
     <span class='ocr_line' id='line_1_12' title="bbox 189 1546 2183 1634; baseline -0.003 -12"><span class='ocrx_word' id='word_1_126' title='bbox 189 1553 369 1622; x_wconf 81' lang='lat' dir='ltr'><strong>stlrentum</strong></span> <span class='ocrx_word' id='word_1_127' title='bbox 391 1552 535 1618; x_wconf 75' lang='lat' dir='ltr'><strong>retinent</strong></span> <span class='ocrx_word' id='word_1_128' title='bbox 556 1549 646 1617; x_wconf 84' lang='lat' dir='ltr'><strong>illum</strong></span> <span class='ocrx_word' id='word_1_129' title='bbox 668 1550 817 1634; x_wconf 75' lang='lat' dir='ltr'><strong>ligurum,</strong></span> <span class='ocrx_word' id='word_1_130' title='bbox 842 1547 1039 1631; x_wconf 88' lang='lat' dir='ltr'><strong>eompletum</strong></span> <span class='ocrx_word' id='word_1_131' title='bbox 1061 1546 1161 1614; x_wconf 88' lang='lat' dir='ltr'><strong>luisse</strong></span> <span class='ocrx_word' id='word_1_132' title='bbox 1213 1547 1310 1629; x_wconf 77' lang='lat' dir='ltr'><strong>Quod</strong></span> <span class='ocrx_word' id='word_1_133' title='bbox 1332 1548 1407 1616; x_wconf 87' lang='lat' dir='ltr'><strong>lieri</strong></span> <span class='ocrx_word' id='word_1_134' title='bbox 1428 1548 1490 1615; x_wconf 89' lang='lat' dir='ltr'><strong>hoo</strong></span> <span class='ocrx_word' id='word_1_135' title='bbox 1513 1569 1572 1634; x_wconf 92' lang='lat' dir='ltr'><strong>per</strong></span> <span class='ocrx_word' id='word_1_136' title='bbox 1593 1549 1791 1632; x_wconf 84' lang='lat' dir='ltr'><strong>bsptismum</strong></span> <span class='ocrx_word' id='word_1_137' title='bbox 1825 1548 1932 1629; x_wconf 83' lang='lat' dir='ltr'><strong>trudit,</strong></span> <span class='ocrx_word' id='word_1_138' title='bbox 1961 1548 2057 1617; x_wconf 70' lang='lat' dir='ltr'><strong>monti</strong></span> <span class='ocrx_word' id='word_1_139' title='bbox 2085 1551 2183 1617; x_wconf 87' lang='lat' dir='ltr'><strong>etism</strong></span> 
     </span>
     <span class='ocr_line' id='line_1_13' title="bbox 187 1631 2184 1740; baseline -0.003 -34"><span class='ocrx_word' id='word_1_140' title='bbox 187 1646 310 1740; x_wconf 70' lang='lat' dir='ltr'><strong>negent</strong></span> <span class='ocrx_word' id='word_1_141' title='bbox 341 1636 428 1722; x_wconf 81' lang='lat' dir='ltr'><strong>quod</strong></span> <span class='ocrx_word' id='word_1_142' title='bbox 458 1639 591 1722; x_wconf 76' lang='lat' dir='ltr'><strong>figuret.</strong></span> <span class='ocrx_word' id='word_1_143' title='bbox 641 1633 895 1702; x_wconf 77' lang='lat' dir='ltr'><strong>Meminerimus</strong></span> <span class='ocrx_word' id='word_1_144' title='bbox 924 1653 1003 1718; x_wconf 78' lang='lat' dir='ltr'><strong>ergo</strong></span> <span class='ocrx_word' id='word_1_145' title='bbox 1023 1633 1162 1699; x_wconf 85' lang='lat' dir='ltr'><strong>eircum-</strong></span> <span class='ocrx_word' id='word_1_146' title='bbox 1213 1631 1255 1698; x_wconf 84' lang='lat' dir='ltr'><strong>sd</strong></span> <span class='ocrx_word' id='word_1_147' title='bbox 1277 1633 1443 1702; x_wconf 78' lang='lat' dir='ltr'><strong>Romanos</strong></span> <span class='ocrx_word' id='word_1_148' title='bbox 1464 1636 1571 1718; x_wconf 87' lang='lat' dir='ltr'><strong>sepite</strong></span> <span class='ocrx_word' id='word_1_149' title='bbox 1584 1636 1616 1720; x_wconf 89' lang='grc'><strong>6,</strong></span> <span class='ocrx_word' id='word_1_150' title='bbox 1631 1636 1663 1719; x_wconf 85' lang='grc'><strong>4,</strong></span> <span class='ocrx_word' id='word_1_151' title='bbox 1679 1635 1826 1721; x_wconf 86' lang='lat' dir='ltr'><strong>loquitur</strong></span> <span class='ocrx_word' id='word_1_152' title='bbox 1839 1655 1899 1702; x_wconf 91' lang='lat' dir='ltr'><strong>suo</strong></span> <span class='ocrx_word' id='word_1_153' title='bbox 1913 1655 2012 1712; x_wconf 92' lang='lat' dir='ltr'><strong>more,</strong></span> <span class='ocrx_word' id='word_1_154' title='bbox 2034 1635 2184 1701; x_wconf 88' lang='lat' dir='ltr'><strong>tribuens</strong></span> 
     </span>
     <span class='ocr_line' id='line_1_14' title="bbox 186 1719 2183 1805; baseline -0.004 -11"><span class='ocrx_word' id='word_1_155' title='bbox 186 1727 341 1794; x_wconf 88' lang='lat' dir='ltr'><strong>oisronem</strong></span> <span class='ocrx_word' id='word_1_156' title='bbox 364 1731 535 1789; x_wconf 85' lang='lat' dir='ltr'><strong>externum</strong></span> <span class='ocrx_word' id='word_1_157' title='bbox 557 1720 611 1788; x_wconf 89' lang='lat' dir='ltr'><strong>hie</strong></span> <span class='ocrx_word' id='word_1_158' title='bbox 632 1740 706 1788; x_wconf 90' lang='lat' dir='ltr'><strong>eum</strong></span> <span class='ocrx_word' id='word_1_159' title='bbox 732 1719 894 1804; x_wconf 71' lang='lat' dir='ltr'><strong>spirituali</strong></span> <span class='ocrx_word' id='word_1_160' title='bbox 916 1719 1065 1797; x_wconf 87' lang='lat' dir='ltr'><strong>ooulerri,</strong></span> <span class='ocrx_word' id='word_1_161' title='bbox 1094 1738 1160 1783; x_wconf 94' lang='lat' dir='ltr'><strong>non</strong></span> <span class='ocrx_word' id='word_1_162' title='bbox 1213 1728 1417 1789; x_wconf 77' lang='lat' dir='ltr'><strong>estrumento</strong></span> <span class='ocrx_word' id='word_1_163' title='bbox 1453 1721 1641 1802; x_wconf 86' lang='lat' dir='ltr'><strong>elliueoism,</strong></span> <span class='ocrx_word' id='word_1_164' title='bbox 1674 1743 1715 1787; x_wconf 92' lang='lat' dir='ltr'><strong>ne</strong></span> <span class='ocrx_word' id='word_1_165' title='bbox 1749 1722 1871 1788; x_wconf 85' lang='lat' dir='ltr'><strong>lrustre</strong></span> <span class='ocrx_word' id='word_1_166' title='bbox 1903 1721 2065 1805; x_wconf 76' lang='lat' dir='ltr'><strong>signifieet</strong></span> <span class='ocrx_word' id='word_1_167' title='bbox 2097 1721 2183 1805; x_wconf 86' lang='lat' dir='ltr'><strong>quod</strong></span> 
     </span>
     <span class='ocr_line' id='line_1_15' title="bbox 187 1803 2182 1894; baseline -0.003 -16"><span class='ocrx_word' id='word_1_168' title='bbox 187 1829 282 1878; x_wconf 87' lang='lat' dir='ltr'><strong>seeus</strong></span> <span class='ocrx_word' id='word_1_169' title='bbox 303 1830 342 1877; x_wconf 86' lang='lat' dir='ltr'><strong>uo</strong></span> <span class='ocrx_word' id='word_1_170' title='bbox 363 1808 507 1894; x_wconf 71' lang='grc' dir='ltr'>ῆςυιιιιιι</span> <span class='ocrx_word' id='word_1_171' title='bbox 528 1826 601 1873; x_wconf 89' lang='lat' dir='ltr'><strong>eum</strong></span> <span class='ocrx_word' id='word_1_172' title='bbox 624 1805 773 1873; x_wconf 75' lang='lat' dir='ltr'><strong>veritate</strong></span> <span class='ocrx_word' id='word_1_173' title='bbox 817 1805 942 1890; x_wconf 74' lang='lat' dir='ltr'><strong>Figura</strong></span> <span class='ocrx_word' id='word_1_174' title='bbox 963 1804 1082 1871; x_wconf 87' lang='lat' dir='ltr'><strong>estrei</strong></span> <span class='ocrx_word' id='word_1_175' title='bbox 1104 1803 1160 1869; x_wconf 81' lang='lat' dir='ltr'><strong>sl&gt;-</strong></span> <span class='ocrx_word' id='word_1_176' title='bbox 1213 1825 1278 1871; x_wconf 89' lang='lat' dir='ltr'><strong>non</strong></span> <span class='ocrx_word' id='word_1_177' title='bbox 1323 1806 1377 1876; x_wconf 83' lang='lat' dir='ltr'><strong>sit.</strong></span> <span class='ocrx_word' id='word_1_178' title='bbox 1436 1807 1500 1873; x_wconf 92' lang='lat' dir='ltr'><strong>Per</strong></span> <span class='ocrx_word' id='word_1_179' title='bbox 1541 1806 1740 1890; x_wconf 75' lang='lat' dir='ltr'><strong>baptismum</strong></span> <span class='ocrx_word' id='word_1_180' title='bbox 1782 1827 1860 1892; x_wconf 76' lang='lat' dir='ltr'><strong>ergo</strong></span> <span class='ocrx_word' id='word_1_181' title='bbox 1896 1805 2072 1890; x_wconf 74' lang='lat' dir='ltr'><strong>sepelimur</strong></span> <span class='ocrx_word' id='word_1_182' title='bbox 2108 1827 2182 1875; x_wconf 92' lang='lat' dir='ltr'><strong>oum</strong></span> 
     </span>
     <span class='ocr_line' id='line_1_16' title="bbox 186 1888 2183 1978; baseline -0.003 -15"><span class='ocrx_word' id='word_1_183' title='bbox 186 1897 300 1965; x_wconf 69' lang='lat' dir='ltr'><strong>senus.</strong></span> <span class='ocrx_word' id='word_1_184' title='bbox 343 1895 433 1978; x_wconf 77' lang='lat' dir='ltr'><strong>Ergo</strong></span> <span class='ocrx_word' id='word_1_185' title='bbox 455 1892 670 1977; x_wconf 87' lang='lat' dir='ltr'><strong>prseseutism</strong></span> <span class='ocrx_word' id='word_1_186' title='bbox 693 1889 841 1957; x_wconf 82' lang='lat' dir='ltr'><strong>resitetis</strong></span> <span class='ocrx_word' id='word_1_187' title='bbox 863 1888 979 1956; x_wconf 88' lang='lat' dir='ltr'><strong>ubolet.</strong></span> <span class='ocrx_word' id='word_1_188' title='bbox 1023 1888 1096 1956; x_wconf 86' lang='lat' dir='ltr'><strong>Hoo</strong></span> <span class='ocrx_word' id='word_1_189' title='bbox 1111 1900 1161 1955; x_wconf 91' lang='lat' dir='ltr'><strong>est</strong></span> <span class='ocrx_word' id='word_1_190' title='bbox 1214 1890 1359 1975; x_wconf 79' lang='lat' dir='ltr'><strong>Christo,</strong></span> <span class='ocrx_word' id='word_1_191' title='bbox 1390 1892 1468 1978; x_wconf 88' lang='lat' dir='ltr'><strong>quie</strong></span> <span class='ocrx_word' id='word_1_192' title='bbox 1499 1892 1794 1972; x_wconf 87' lang='lat' dir='ltr'><strong>mortifieutionem,</strong></span> <span class='ocrx_word' id='word_1_193' title='bbox 1829 1913 1927 1976; x_wconf 86' lang='lat' dir='ltr'><strong>quum</strong></span> <span class='ocrx_word' id='word_1_194' title='bbox 1960 1892 2030 1960; x_wconf 89' lang='lat' dir='ltr'><strong>illio</strong></span> <span class='ocrx_word' id='word_1_195' title='bbox 2059 1893 2183 1978; x_wconf 80' lang='lat' dir='ltr'><strong>figuret</strong></span> 
     </span>
     <span class='ocr_line' id='line_1_17' title="bbox 186 1975 2183 2068; baseline -0.003 -19"><span class='ocrx_word' id='word_1_196' title='bbox 186 1980 271 2068; x_wconf 86' lang='lat' dir='ltr'><strong>quod</strong></span> <span class='ocrx_word' id='word_1_197' title='bbox 294 1978 462 2048; x_wconf 84' lang='lat' dir='ltr'><strong>eontendit</strong></span> <span class='ocrx_word' id='word_1_198' title='bbox 483 1976 616 2056; x_wconf 82' lang='lat' dir='ltr'><strong>Psulus,</strong></span> <span class='ocrx_word' id='word_1_199' title='bbox 647 1978 724 2060; x_wconf 86' lang='lat' dir='ltr'><strong>quis</strong></span> <span class='ocrx_word' id='word_1_200' title='bbox 746 1977 781 2041; x_wconf 92' lang='lat' dir='ltr'><strong>in</strong></span> <span class='ocrx_word' id='word_1_201' title='bbox 804 1975 938 2042; x_wconf 79' lang='lat' dir='ltr'><strong>Christo</strong></span> <span class='ocrx_word' id='word_1_202' title='bbox 963 1975 1160 2059; x_wconf 88' lang='lat' dir='ltr'><strong>eompletum</strong></span> <span class='ocrx_word' id='word_1_203' title='bbox 1213 1975 1377 2062; x_wconf 76' lang='lat' dir='ltr'><strong>Christus,</strong></span> <span class='ocrx_word' id='word_1_204' title='bbox 1398 1979 1574 2048; x_wconf 86' lang='lat' dir='ltr'><strong>elfioeeiter</strong></span> <span class='ocrx_word' id='word_1_205' title='bbox 1594 1977 1692 2045; x_wconf 87' lang='lat' dir='ltr'><strong>simul</strong></span> <span class='ocrx_word' id='word_1_206' title='bbox 1714 1979 1857 2063; x_wconf 84' lang='lat' dir='ltr'><strong>peregit:</strong></span> <span class='ocrx_word' id='word_1_207' title='bbox 1889 1982 1927 2044; x_wconf 88' lang='lat' dir='ltr'><strong>ut</strong></span> <span class='ocrx_word' id='word_1_208' title='bbox 1947 1998 2001 2045; x_wconf 89' lang='lat' dir='ltr'><strong>res</strong></span> <span class='ocrx_word' id='word_1_209' title='bbox 2023 1977 2118 2064; x_wconf 77' lang='lat' dir='ltr'><strong>signo</strong></span> <span class='ocrx_word' id='word_1_210' title='bbox 2140 1980 2183 2047; x_wconf 89' lang='lat' dir='ltr'><strong>sit</strong></span> 
     </span>
     <span class='ocr_line' id='line_1_18' title="bbox 186 2060 1394 2152; baseline -0.007 -16"><span class='ocrx_word' id='word_1_211' title='bbox 186 2066 344 2152; x_wconf 86' lang='lat' dir='ltr'><strong>estquod</strong></span> <span class='ocrx_word' id='word_1_212' title='bbox 367 2063 610 2133; x_wconf 87' lang='lat' dir='ltr'><strong>oiroumoisioue</strong></span> <span class='ocrx_word' id='word_1_213' title='bbox 628 2060 817 2129; x_wconf 84' lang='lat' dir='ltr'><strong>menuloets</strong></span> <span class='ocrx_word' id='word_1_214' title='bbox 838 2062 1067 2128; x_wconf 85' lang='lat' dir='ltr'><strong>sdumbrotum</strong></span> <span class='ocrx_word' id='word_1_215' title='bbox 1089 2061 1159 2140; x_wconf 86' lang='lat' dir='ltr'><strong>luit,</strong></span> <span class='ocrx_word' id='word_1_216' title='bbox 1212 2064 1394 2131; x_wconf 87' lang='lat' dir='ltr'><strong>uoniunets.</strong></span> 
     </span>
     <span class='ocr_line' id='line_1_19' title="bbox 186 2145 2180 2235; baseline -0.002 -16"><span class='ocrx_word' id='word_1_217' title='bbox 186 2151 313 2219; x_wconf 91' lang='lat' dir='ltr'><strong>nullum</strong></span> <span class='ocrx_word' id='word_1_218' title='bbox 336 2172 408 2219; x_wconf 88' lang='lat' dir='ltr'><strong>esse</strong></span> <span class='ocrx_word' id='word_1_219' title='bbox 438 2169 525 2217; x_wconf 91' lang='lat' dir='ltr'><strong>nuno</strong></span> <span class='ocrx_word' id='word_1_220' title='bbox 546 2148 646 2214; x_wconf 89' lang='lat' dir='ltr'><strong>huius</strong></span> <span class='ocrx_word' id='word_1_221' title='bbox 675 2147 820 2215; x_wconf 88' lang='lat' dir='ltr'><strong>lruotum</strong></span> <span class='ocrx_word' id='word_1_222' title='bbox 842 2169 901 2214; x_wconf 91' lang='lat' dir='ltr'><strong>nee</strong></span> <span class='ocrx_word' id='word_1_223' title='bbox 930 2168 1035 2214; x_wconf 82' lang='lat' dir='ltr'><strong>usum</strong></span> <span class='ocrx_word' id='word_1_224' title='bbox 1081 2145 1160 2214; x_wconf 91' lang='lat' dir='ltr'><strong>Ideo</strong></span> <span class='ocrx_word' id='word_1_225' title='bbox 1298 2148 1342 2215; x_wconf 87' lang='grc' dir='ltr'><strong>Ιιι</strong></span> <span class='ocrx_word' id='word_1_226' title='bbox 1373 2170 1433 2232; x_wconf 79' lang='lat' dir='ltr'><strong>que</strong></span> <span class='ocrx_word' id='word_1_227' title='bbox 1460 2154 1489 2217; x_wconf 85' lang='lat' dir='ltr'><strong>et</strong></span> <span class='ocrx_word' id='word_1_228' title='bbox 1519 2149 1768 2217; x_wconf 67' lang='lat' dir='ltr'><strong>ommnesistis.</strong></span> <span class='ocrx_word' id='word_1_229' title='bbox 1813 2148 2003 2234; x_wconf 77' lang='lat' dir='ltr'><strong>Amplilieet</strong></span> <span class='ocrx_word' id='word_1_230' title='bbox 2030 2151 2180 2235; x_wconf 71' lang='lat' dir='ltr'><strong>gretiam,</strong></span> 
     </span>
     <span class='ocr_line' id='line_1_20' title="bbox 186 2232 2182 2320; baseline -0.002 -15"><span class='ocrx_word' id='word_1_231' title='bbox 186 2236 557 2305; x_wconf 87' lang='lat' dir='ltr'><strong>oiroumoisionem</strong></span> <span class='ocrx_word' id='word_1_232' title='bbox 580 2232 748 2300; x_wconf 78' lang='lat' dir='ltr'><strong>Christi</strong></span> <span class='ocrx_word' id='word_1_233' title='bbox 770 2254 839 2299; x_wconf 88' lang='lat' dir='ltr'><strong>esse</strong></span> <span class='ocrx_word' id='word_1_234' title='bbox 855 2235 1055 2317; x_wconf 73' lang='lat' dir='ltr'><strong>pronuntiat,</strong></span> <span class='ocrx_word' id='word_1_235' title='bbox 1079 2253 1161 2317; x_wconf 82' lang='lat' dir='ltr'><strong>quoe</strong></span> <span class='ocrx_word' id='word_1_236' title='bbox 1213 2255 1311 2319; x_wconf 84' lang='lat' dir='ltr'><strong>quom</strong></span> <span class='ocrx_word' id='word_1_237' title='bbox 1344 2236 1379 2301; x_wconf 94' lang='lat' dir='ltr'><strong>in</strong></span> <span class='ocrx_word' id='word_1_238' title='bbox 1410 2235 1543 2302; x_wconf 75' lang='lat' dir='ltr'><strong>Christo</strong></span> <span class='ocrx_word' id='word_1_239' title='bbox 1576 2236 1771 2314; x_wconf 75' lang='lat' dir='ltr'><strong>obtinemus,</strong></span> <span class='ocrx_word' id='word_1_240' title='bbox 1803 2255 1888 2319; x_wconf 85' lang='lat' dir='ltr'><strong>quse</strong></span> <span class='ocrx_word' id='word_1_241' title='bbox 1920 2236 2017 2320; x_wconf 78' lang='lat' dir='ltr'><strong>longe</strong></span> <span class='ocrx_word' id='word_1_242' title='bbox 2044 2236 2182 2303; x_wconf 89' lang='lat' dir='ltr'><strong>eiroum·</strong></span> 
     </span>
     <span class='ocr_line' id='line_1_21' title="bbox 185 2317 2183 2390; baseline -0.001 0"><span class='ocrx_word' id='word_1_243' title='bbox 185 2325 224 2390; x_wconf 86' lang='lat' dir='ltr'><strong>lit</strong></span> <span class='ocrx_word' id='word_1_244' title='bbox 245 2325 278 2390; x_wconf 93' lang='lat' dir='ltr'><strong>in</strong></span> <span class='ocrx_word' id='word_1_245' title='bbox 307 2321 419 2390; x_wconf 83' lang='lat' dir='ltr'><strong>eorde:</strong></span> <span class='ocrx_word' id='word_1_246' title='bbox 453 2331 486 2387; x_wconf 92' lang='lat' dir='ltr'><strong>et</strong></span> <span class='ocrx_word' id='word_1_247' title='bbox 514 2319 587 2385; x_wconf 78' lang='lat' dir='ltr'><strong>itleo</strong></span> <span class='ocrx_word' id='word_1_248' title='bbox 616 2327 787 2384; x_wconf 82' lang='lat' dir='ltr'><strong>externum</strong></span> <span class='ocrx_word' id='word_1_249' title='bbox 816 2317 904 2383; x_wconf 85' lang='lat' dir='ltr'><strong>illem</strong></span> <span class='ocrx_word' id='word_1_250' title='bbox 933 2319 1067 2384; x_wconf 91' lang='lat' dir='ltr'><strong>minime</strong></span> <span class='ocrx_word' id='word_1_251' title='bbox 1095 2319 1160 2384; x_wconf 87' lang='lat' dir='ltr'><strong>ism</strong></span> <span class='ocrx_word' id='word_1_252' title='bbox 1213 2320 1367 2388; x_wconf 89' lang='lat' dir='ltr'><strong>uisiouem</strong></span> <span class='ocrx_word' id='word_1_253' title='bbox 1389 2321 1562 2388; x_wconf 87' lang='lat' dir='ltr'><strong>suteeellit.</strong></span> <span class='ocrx_word' id='word_1_254' title='bbox 1599 2321 1676 2388; x_wconf 88' lang='lat' dir='ltr'><strong>Non</strong></span> <span class='ocrx_word' id='word_1_255' title='bbox 1697 2328 1826 2387; x_wconf 87' lang='lat' dir='ltr'><strong>tentum</strong></span> <span class='ocrx_word' id='word_1_256' title='bbox 1848 2320 1883 2385; x_wconf 90' lang='lat' dir='ltr'><strong>in</strong></span> <span class='ocrx_word' id='word_1_257' title='bbox 1903 2331 2042 2387; x_wconf 92' lang='lat' dir='ltr'><strong>mortem</strong></span> <span class='ocrx_word' id='word_1_258' title='bbox 2058 2319 2183 2388; x_wconf 79' lang='lat' dir='ltr'><strong>Christi</strong></span> 
     </span>
     <span class='ocr_line' id='line_1_22' title="bbox 186 2402 2182 2493; baseline -0.001 -18"><span class='ocrx_word' id='word_1_259' title='bbox 186 2408 321 2493; x_wconf 82' lang='lat' dir='ltr'><strong>requiri,</strong></span> <span class='ocrx_word' id='word_1_260' title='bbox 354 2409 431 2493; x_wconf 86' lang='lat' dir='ltr'><strong>quio</strong></span> <span class='ocrx_word' id='word_1_261' title='bbox 463 2407 519 2472; x_wconf 89' lang='lat' dir='ltr'><strong>ubi</strong></span> <span class='ocrx_word' id='word_1_262' title='bbox 551 2425 604 2471; x_wconf 88' lang='lat' dir='ltr'><strong>res</strong></span> <span class='ocrx_word' id='word_1_263' title='bbox 636 2412 757 2489; x_wconf 79' lang='lat' dir='ltr'><strong>exstet,</strong></span> <span class='ocrx_word' id='word_1_264' title='bbox 790 2405 955 2471; x_wconf 85' lang='lat' dir='ltr'><strong>evoneseit</strong></span> <span class='ocrx_word' id='word_1_265' title='bbox 986 2402 1160 2470; x_wconf 87' lang='lat' dir='ltr'><strong>umbrstile</strong></span> <span class='ocrx_word' id='word_1_266' title='bbox 1212 2406 1399 2486; x_wconf 81' lang='lat' dir='ltr'><strong>inserimur,</strong></span> <span class='ocrx_word' id='word_1_267' title='bbox 1420 2406 1535 2492; x_wconf 89' lang='lat' dir='ltr'><strong>inquit,</strong></span> <span class='ocrx_word' id='word_1_268' title='bbox 1558 2406 1614 2474; x_wconf 90' lang='lat' dir='ltr'><strong>sed</strong></span> <span class='ocrx_word' id='word_1_269' title='bbox 1636 2427 1729 2472; x_wconf 88' lang='lat' dir='ltr'><strong>resur</strong></span> <span class='ocrx_word' id='word_1_270' title='bbox 1753 2407 1837 2472; x_wconf 89' lang='lat' dir='ltr'><strong>imus</strong></span> <span class='ocrx_word' id='word_1_271' title='bbox 1858 2407 1957 2472; x_wconf 90' lang='lat' dir='ltr'><strong>etiem</strong></span> <span class='ocrx_word' id='word_1_272' title='bbox 1980 2409 2014 2471; x_wconf 92' lang='lat' dir='ltr'><strong>in</strong></span> <span class='ocrx_word' id='word_1_273' title='bbox 2036 2407 2182 2473; x_wconf 86' lang='lat' dir='ltr'><strong>novitete</strong></span> 
     </span>
     <span class='ocr_line' id='line_1_23' title="bbox 185 2427 2181 2581; baseline -0.003 -20"><span class='ocrx_word' id='word_1_274' title='bbox 185 2493 269 2561; x_wconf 84' lang='lat' dir='ltr'><strong>illut</strong></span> <span class='ocrx_word' id='word_1_275' title='bbox 291 2494 422 2581; x_wconf 80' lang='lat' dir='ltr'><strong>signum</strong></span> <span class='ocrx_word' id='word_1_276' title='bbox 445 2491 531 2576; x_wconf 80' lang='lat' dir='ltr'><strong>quod</strong></span> <span class='ocrx_word' id='word_1_277' title='bbox 552 2491 659 2558; x_wconf 89' lang='lat' dir='ltr'><strong>looum</strong></span> <span class='ocrx_word' id='word_1_278' title='bbox 682 2510 749 2556; x_wconf 90' lang='lat' dir='ltr'><strong>non</strong></span> <span class='ocrx_word' id='word_1_279' title='bbox 771 2489 871 2556; x_wconf 86' lang='lat' dir='ltr'><strong>hebet</strong></span> <span class='ocrx_word' id='word_1_280' title='bbox 892 2491 954 2555; x_wconf 90' lang='lat' dir='ltr'><strong>nisi</strong></span> <span class='ocrx_word' id='word_1_281' title='bbox 977 2491 1011 2555; x_wconf 91' lang='lat' dir='ltr'><strong>in</strong></span> <span class='ocrx_word' id='word_1_282' title='bbox 1034 2490 1082 2554; x_wconf 91' lang='lat' dir='ltr'><strong>rei</strong></span> <span class='ocrx_word' id='word_1_283' title='bbox 1104 2489 1159 2555; x_wconf 89' lang='lat' dir='ltr'><strong>eb·</strong></span> <span class='ocrx_word' id='word_1_284' title='bbox 1214 2494 1309 2559; x_wconf 80' lang='lat' dir='ltr'><strong>vitoe.</strong></span> <span class='ocrx_word' id='word_1_285' title='bbox 1354 2492 1429 2574; x_wconf 80' lang='lat' dir='ltr'><strong>Quo</strong></span> <span class='ocrx_word' id='word_1_286' title='bbox 1452 2494 1555 2578; x_wconf 74' lang='lat' dir='ltr'><strong>magis</strong></span> <span class='ocrx_word' id='word_1_287' title='bbox 1577 2503 1654 2559; x_wconf 93' lang='lat' dir='ltr'><strong>sunt</strong></span> <span class='ocrx_word' id='word_1_288' title='bbox 1676 2493 1711 2557; x_wconf 93' lang='lat' dir='ltr'><strong>iu</strong></span> <span class='ocrx_word' id='word_1_289' title='bbox 1726 2427 1896 2558; x_wconf 50' lang='lat' dir='ltr'><strong>&amp;hristum</strong></span> <span class='ocrx_word' id='word_1_290' title='bbox 1919 2492 2041 2576; x_wconf 88' lang='lat' dir='ltr'><strong>iniurii,</strong></span> <span class='ocrx_word' id='word_1_291' title='bbox 2063 2493 2118 2575; x_wconf 87' lang='lat' dir='ltr'><strong>qni</strong></span> <span class='ocrx_word' id='word_1_292' title='bbox 2140 2492 2181 2557; x_wconf 87' lang='lat' dir='ltr'><strong>ed</strong></span> 
     </span>
     <span class='ocr_line' id='line_1_24' title="bbox 186 2575 2179 2656; baseline -0.004 -8"><span class='ocrx_word' id='word_1_293' title='bbox 186 2582 301 2648; x_wconf 69' lang='lat' dir='ltr'><strong>senus</strong></span> <span class='ocrx_word' id='word_1_294' title='bbox 1213 2579 1491 2645; x_wconf 87' lang='lat' dir='ltr'><strong>oiroumeisionem</strong></span> <span class='ocrx_word' id='word_1_295' title='bbox 1525 2578 1678 2646; x_wconf 87' lang='lat' dir='ltr'><strong>reduoere</strong></span> <span class='ocrx_word' id='word_1_296' title='bbox 1711 2598 1770 2643; x_wconf 92' lang='lat' dir='ltr'><strong>nos</strong></span> <span class='ocrx_word' id='word_1_297' title='bbox 1804 2587 1943 2643; x_wconf 85' lang='lat' dir='ltr'><strong>tentent.</strong></span> <span class='ocrx_word' id='word_1_298' title='bbox 1998 2578 2044 2643; x_wconf 85' lang='lat' dir='ltr'><strong>Et</strong></span> <span class='ocrx_word' id='word_1_299' title='bbox 2079 2575 2179 2656; x_wconf 76' lang='lat' dir='ltr'><strong>addit,</strong></span> 
     </span>
     <span class='ocr_line' id='line_1_25' title="bbox 272 2661 2181 2748; baseline 0 -18"><span class='ocrx_word' id='word_1_300' title='bbox 272 2663 427 2732; x_wconf 63' lang='lat' dir='ltr'><strong>mereto</strong></span> <span class='ocrx_word' id='word_1_301' title='bbox 454 2682 575 2746; x_wconf 76' lang='lat' dir='ltr'><strong>corpus.</strong></span> <span class='ocrx_word' id='word_1_302' title='bbox 619 2661 748 2743; x_wconf 87' lang='lat' dir='ltr'><strong>Oorpus</strong></span> <span class='ocrx_word' id='word_1_303' title='bbox 778 2661 920 2744; x_wconf 86' lang='lat' dir='ltr'><strong>eppellst</strong></span> <span class='ocrx_word' id='word_1_304' title='bbox 949 2680 1089 2726; x_wconf 85' lang='lat' dir='ltr'><strong>messem</strong></span> <span class='ocrx_word' id='word_1_305' title='bbox 1119 2674 1160 2727; x_wconf 77' lang='lat' dir='ltr'><strong>e‘x</strong></span> <span class='ocrx_word' id='word_1_306' title='bbox 1213 2663 1440 2747; x_wconf 75' lang='lat' dir='ltr'><strong>perfidem.</strong></span> <span class='ocrx_word' id='word_1_307' title='bbox 1476 2663 1560 2730; x_wconf 86' lang='lat' dir='ltr'><strong>Nem</strong></span> <span class='ocrx_word' id='word_1_308' title='bbox 1583 2672 1671 2730; x_wconf 92' lang='lat' dir='ltr'><strong>uerte</strong></span> <span class='ocrx_word' id='word_1_309' title='bbox 1693 2683 1752 2746; x_wconf 89' lang='lat' dir='ltr'><strong>per</strong></span> <span class='ocrx_word' id='word_1_310' title='bbox 1774 2662 1864 2728; x_wconf 84' lang='lat' dir='ltr'><strong>illem</strong></span> <span class='ocrx_word' id='word_1_311' title='bbox 1881 2662 2077 2748; x_wconf 91' lang='lat' dir='ltr'><strong>pereipimus</strong></span> <span class='ocrx_word' id='word_1_312' title='bbox 2095 2663 2181 2747; x_wconf 84' lang='lat' dir='ltr'><strong>quod</strong></span> 
     </span>
     <span class='ocr_line' id='line_1_26' title="bbox 188 2745 2180 2834; baseline -0.002 -16"><span class='ocrx_word' id='word_1_313' title='bbox 188 2751 342 2818; x_wconf 89' lang='lat' dir='ltr'><strong>omnibus</strong></span> <span class='ocrx_word' id='word_1_314' title='bbox 364 2750 451 2817; x_wconf 84' lang='lat' dir='ltr'><strong>vitiis</strong></span> <span class='ocrx_word' id='word_1_315' title='bbox 473 2750 656 2825; x_wconf 86' lang='lat' dir='ltr'><strong>oonfletnm,</strong></span> <span class='ocrx_word' id='word_1_316' title='bbox 678 2748 821 2830; x_wconf 79' lang='lat' dir='ltr'><strong>elegunti</strong></span> <span class='ocrx_word' id='word_1_317' title='bbox 838 2745 1037 2830; x_wconf 74' lang='lat' dir='ltr'><strong>metaphora.</strong></span> <span class='ocrx_word' id='word_1_318' title='bbox 1075 2745 1160 2812; x_wconf 89' lang='lat' dir='ltr'><strong>Num</strong></span> <span class='ocrx_word' id='word_1_319' title='bbox 1211 2750 1348 2815; x_wconf 84' lang='lat' dir='ltr'><strong>offertur</strong></span> <span class='ocrx_word' id='word_1_320' title='bbox 1387 2748 1481 2815; x_wconf 90' lang='lat' dir='ltr'><strong>nobis</strong></span> <span class='ocrx_word' id='word_1_321' title='bbox 1517 2750 1552 2814; x_wconf 93' lang='lat' dir='ltr'><strong>in</strong></span> <span class='ocrx_word' id='word_1_322' title='bbox 1588 2749 1760 2834; x_wconf 76' lang='lat' dir='ltr'><strong>baptismo.</strong></span> <span class='ocrx_word' id='word_1_323' title='bbox 1822 2748 1887 2816; x_wconf 89' lang='lat' dir='ltr'><strong>Sed</strong></span> <span class='ocrx_word' id='word_1_324' title='bbox 1924 2769 2024 2833; x_wconf 89' lang='lat' dir='ltr'><strong>quum</strong></span> <span class='ocrx_word' id='word_1_325' title='bbox 2060 2748 2180 2815; x_wconf 83' lang='lat' dir='ltr'><strong>fidem?</strong></span> 
     </span>
     <span class='ocr_line' id='line_1_27' title="bbox 188 2830 2182 2920; baseline -0.004 -15"><span class='ocrx_word' id='word_1_326' title='bbox 188 2838 285 2907; x_wconf 90' lang='lat' dir='ltr'><strong>siouti</strong></span> <span class='ocrx_word' id='word_1_327' title='bbox 301 2836 489 2919; x_wconf 90' lang='lat' dir='ltr'><strong>eorporibus</strong></span> <span class='ocrx_word' id='word_1_328' title='bbox 504 2835 625 2899; x_wconf 86' lang='lat' dir='ltr'><strong>nostris</strong></span> <span class='ocrx_word' id='word_1_329' title='bbox 642 2853 755 2898; x_wconf 90' lang='lat' dir='ltr'><strong>sumus</strong></span> <span class='ocrx_word' id='word_1_330' title='bbox 772 2830 981 2897; x_wconf 86' lang='lat' dir='ltr'><strong>eireumdeti:</strong></span> <span class='ocrx_word' id='word_1_331' title='bbox 999 2833 1046 2897; x_wconf 88' lang='lat' dir='ltr'><strong>itu</strong></span> <span class='ocrx_word' id='word_1_332' title='bbox 1060 2835 1158 2899; x_wconf 83' lang='lat' dir='ltr'><strong>etiem</strong></span> <span class='ocrx_word' id='word_1_333' title='bbox 1211 2835 1448 2903; x_wconf 79' lang='lat' dir='ltr'><strong>Elliesoiee</strong></span> <span class='ocrx_word' id='word_1_334' title='bbox 1477 2835 1528 2901; x_wconf 82' lang='lat' dir='ltr'><strong>uel</strong></span> <span class='ocrx_word' id='word_1_335' title='bbox 1558 2835 1757 2918; x_wconf 82' lang='lat' dir='ltr'><strong>operationis</strong></span> <span class='ocrx_word' id='word_1_336' title='bbox 1786 2836 1864 2902; x_wconf 92' lang='lat' dir='ltr'><strong>eius.</strong></span> <span class='ocrx_word' id='word_1_337' title='bbox 1909 2834 1984 2918; x_wconf 82' lang='lat' dir='ltr'><strong>Quo</strong></span> <span class='ocrx_word' id='word_1_338' title='bbox 2019 2835 2182 2920; x_wconf 76' lang='lat' dir='ltr'><strong>signifieat</strong></span> 
     </span>
     <span class='ocr_line' id='line_1_28' title="bbox 189 2919 2182 3004; baseline -0.002 -15"><span class='ocrx_word' id='word_1_339' title='bbox 189 2921 334 2989; x_wconf 85' lang='lat' dir='ltr'><strong>obvoluti</strong></span> <span class='ocrx_word' id='word_1_340' title='bbox 365 2920 511 3004; x_wconf 86' lang='lat' dir='ltr'><strong>undique</strong></span> <span class='ocrx_word' id='word_1_341' title='bbox 532 2938 646 2984; x_wconf 89' lang='lat' dir='ltr'><strong>sumus</strong></span> <span class='ocrx_word' id='word_1_342' title='bbox 667 2919 819 3002; x_wconf 78' lang='lat' dir='ltr'><strong>eongerie</strong></span> <span class='ocrx_word' id='word_1_343' title='bbox 841 2919 1006 2983; x_wconf 79' lang='lat' dir='ltr'><strong>vitiorum.</strong></span> <span class='ocrx_word' id='word_1_344' title='bbox 1052 2919 1096 2982; x_wconf 77' lang='lat' dir='ltr'><strong>Et</strong></span> <span class='ocrx_word' id='word_1_345' title='bbox 1117 2920 1159 2983; x_wconf 91' lang='lat' dir='ltr'><strong>si·</strong></span> <span class='ocrx_word' id='word_1_346' title='bbox 1212 2920 1306 2986; x_wconf 89' lang='lat' dir='ltr'><strong>fidem</strong></span> <span class='ocrx_word' id='word_1_347' title='bbox 1338 2921 1373 2986; x_wconf 92' lang='lat' dir='ltr'><strong>in</strong></span> <span class='ocrx_word' id='word_1_348' title='bbox 1396 2920 1459 2987; x_wconf 91' lang='lat' dir='ltr'><strong>Dei</strong></span> <span class='ocrx_word' id='word_1_349' title='bbox 1490 2921 1611 2987; x_wconf 85' lang='lat' dir='ltr'><strong>virtute</strong></span> <span class='ocrx_word' id='word_1_350' title='bbox 1640 2941 1710 2986; x_wconf 87' lang='lat' dir='ltr'><strong>esse</strong></span> <span class='ocrx_word' id='word_1_351' title='bbox 1731 2919 1912 2987; x_wconf 77' lang='lat' dir='ltr'><strong>fundatum.</strong></span> <span class='ocrx_word' id='word_1_352' title='bbox 1957 2923 2083 2987; x_wconf 88' lang='lat' dir='ltr'><strong>Verum</strong></span> <span class='ocrx_word' id='word_1_353' title='bbox 2106 2921 2182 3004; x_wconf 88' lang='lat' dir='ltr'><strong>quis</strong></span> 
     </span>
     <span class='ocr_line' id='line_1_29' title="bbox 188 3004 2182 3092; baseline -0.003 -15"><span class='ocrx_word' id='word_1_354' title='bbox 188 3009 258 3077; x_wconf 89' lang='lat' dir='ltr'><strong>outi</strong></span> <span class='ocrx_word' id='word_1_355' title='bbox 277 3027 394 3092; x_wconf 87' lang='lat' dir='ltr'><strong>eorpus</strong></span> <span class='ocrx_word' id='word_1_356' title='bbox 409 3028 451 3072; x_wconf 85' lang='lat' dir='ltr'><strong>ex</strong></span> <span class='ocrx_word' id='word_1_357' title='bbox 472 3005 573 3071; x_wconf 74' lang='lat' dir='ltr'><strong>soriis</strong></span> <span class='ocrx_word' id='word_1_358' title='bbox 589 3004 744 3070; x_wconf 90' lang='lat' dir='ltr'><strong>membris</strong></span> <span class='ocrx_word' id='word_1_359' title='bbox 766 3010 815 3069; x_wconf 90' lang='lat' dir='ltr'><strong>est</strong></span> <span class='ocrx_word' id='word_1_360' title='bbox 830 3004 1054 3084; x_wconf 90' lang='lat' dir='ltr'><strong>eompositum,</strong></span> <span class='ocrx_word' id='word_1_361' title='bbox 1076 3024 1161 3086; x_wconf 88' lang='lat' dir='ltr'><strong>quse</strong></span> <span class='ocrx_word' id='word_1_362' title='bbox 1212 3005 1293 3073; x_wconf 86' lang='lat' dir='ltr'><strong>fides</strong></span> <span class='ocrx_word' id='word_1_363' title='bbox 1319 3028 1383 3072; x_wconf 93' lang='lat' dir='ltr'><strong>non</strong></span> <span class='ocrx_word' id='word_1_364' title='bbox 1413 3014 1553 3090; x_wconf 79' lang='lat' dir='ltr'><strong>rugetur</strong></span> <span class='ocrx_word' id='word_1_365' title='bbox 1581 3007 1614 3071; x_wconf 93' lang='lat' dir='ltr'><strong>in</strong></span> <span class='ocrx_word' id='word_1_366' title='bbox 1642 3007 1779 3072; x_wconf 87' lang='lat' dir='ltr'><strong>eoulusu</strong></span> <span class='ocrx_word' id='word_1_367' title='bbox 1810 3015 1844 3071; x_wconf 87' lang='lat' dir='ltr'><strong>et</strong></span> <span class='ocrx_word' id='word_1_368' title='bbox 1872 3006 2042 3072; x_wconf 85' lang='lat' dir='ltr'><strong>indefinite</strong></span> <span class='ocrx_word' id='word_1_369' title='bbox 2064 3006 2114 3091; x_wconf 90' lang='lat' dir='ltr'><strong>(ut</strong></span> <span class='ocrx_word' id='word_1_370' title='bbox 2135 3007 2182 3071; x_wconf 93' lang='lat' dir='ltr'><strong>lo·</strong></span> 
     </span>
     <span class='ocr_line' id='line_1_30' title="bbox 188 3088 2181 3245; baseline -0.003 -84"><span class='ocrx_word' id='word_1_371' title='bbox 188 3092 319 3245; x_wconf 67' lang='lat' dir='ltr'><strong>singltltls&#39;</strong></span> <span class='ocrx_word' id='word_1_372' title='bbox 338 3092 489 3244; x_wconf 47' lang='lat' dir='ltr'><strong>pgopziets</strong></span> <span class='ocrx_word' id='word_1_373' title='bbox 511 3110 585 3157; x_wconf 85' lang='lat' dir='ltr'><strong>sues</strong></span> <span class='ocrx_word' id='word_1_374' title='bbox 600 3088 1093 3241; x_wconf 40' lang='lat' dir='ltr'><strong>&amp;emmirffidoffnfflfflff</strong></span> <span class='ocrx_word' id='word_1_375' title='bbox 1108 3092 1161 3241; x_wconf 50' lang='grc' dir='ltr'><strong>ἐξ</strong></span> <span class='ocrx_word' id='word_1_376' title='bbox 1213 3093 1551 3244; x_wconf 55' lang='grc' dir='ltr'>ᾳιιιῐιιέἥροιιιιιιίιο</span> <span class='ocrx_word' id='word_1_377' title='bbox 1566 3092 1698 3194; x_wconf 58' lang='lat' dir='ltr'><strong>diuinos</strong></span> <span class='ocrx_word' id='word_1_378' title='bbox 1714 3092 2008 3242; x_wconf 46' lang='lat' dir='ltr'><strong>deolrrteznplotione:</strong></span> <span class='ocrx_word' id='word_1_379' title='bbox 2028 3093 2181 3190; x_wconf 78' lang='lat' dir='ltr'><strong>exprimit</strong></span> 
     </span>
     <span class='ocr_line' id='line_1_31' title="bbox 187 3195 2182 3417; baseline 0 -87"><span class='ocrx_word' id='word_1_380' title='bbox 187 3199 348 3417; x_wconf 47' lang='lat' dir='ltr'><strong>{llil</strong></span> <span class='ocrx_word' id='word_1_381' title='bbox 368 3196 716 3415; x_wconf 48' lang='grc' dir='ltr'><strong>ἑῖιζέέζὲξξιιᾞῗθ</strong></span> <span class='ocrx_word' id='word_1_382' title='bbox 736 3259 933 3410; x_wconf 46' lang='lat' dir='ltr'><strong>offensori</strong></span> <span class='ocrx_word' id='word_1_383' title='bbox 951 3195 1161 3412; x_wconf 45' lang='lat' dir='ltr'><strong>lilioli</strong></span> <span class='ocrx_word' id='word_1_384' title='bbox 1212 3197 2182 3416; x_wconf 38' lang='lat' dir='ltr'><strong>gilihliffimiffffi‘ftl‘tttltlmtit</strong></span> 
     </span>
     <span class='ocr_line' id='line_1_32' title="bbox 599 3367 1111 3412; baseline -0.002 0"><span class='ocrx_word' id='word_1_385' title='bbox 599 3394 608 3412; x_wconf 90' lang='lat'><em>.</em></span> <span class='ocrx_word' id='word_1_386' title='bbox 733 3367 782 3411; x_wconf 90' lang='lat' dir='ltr'><strong>ne</strong></span> <span class='ocrx_word' id='word_1_387' title='bbox 933 3367 1023 3411; x_wconf 90' lang='lat' dir='ltr'><strong>more</strong></span> <span class='ocrx_word' id='word_1_388' title='bbox 1101 3368 1111 3411; x_wconf 88' lang='grc' dir='ltr'>ι</span> 
     </span>
     <span class='ocr_line' id='line_1_33' title="bbox 188 3349 2182 3522; baseline -0.001 -20"><span class='ocrx_word' id='word_1_389' title='bbox 188 3368 591 3522; x_wconf 54' lang='lat' dir='ltr'><strong>pmmiiifflormies.</strong></span> <span class='ocrx_word' id='word_1_390' title='bbox 635 3367 796 3517; x_wconf 57' lang='lat' dir='ltr'><strong>Esirergo</strong></span> <span class='ocrx_word' id='word_1_391' title='bbox 815 3367 933 3515; x_wconf 72' lang='lat' dir='ltr'><strong>eo⁸rpus</strong></span> <span class='ocrx_word' id='word_1_392' title='bbox 953 3367 1159 3515; x_wconf 50' lang='lat' dir='ltr'><strong>poeniossile</strong></span> <span class='ocrx_word' id='word_1_393' title='bbox 1211 3349 1457 3513; x_wconf 38' lang='lat' dir='ltr'><strong>&amp;gemme</strong></span> <span class='ocrx_word' id='word_1_394' title='bbox 1470 3371 1552 3519; x_wconf 48' lang='lat' dir='ltr'><strong>paige</strong></span> <span class='ocrx_word' id='word_1_395' title='bbox 1563 3370 1763 3503; x_wconf 48' lang='lat' dir='ltr'><strong>esesegssseermoes</strong></span> <span class='ocrx_word' id='word_1_396' title='bbox 1776 3369 1967 3516; x_wconf 52' lang='lat' dir='ltr'><strong>lienislotriste?</strong></span> <span class='ocrx_word' id='word_1_397' title='bbox 1981 3370 2182 3504; x_wconf 40' lang='lat' dir='ltr'><strong>miriones</strong></span> 
     </span>
     <span class='ocr_line' id='line_1_34' title="bbox 186 3517 1614 3605; baseline -0.002 -14"><span class='ocrx_word' id='word_1_398' title='bbox 186 3521 296 3591; x_wconf 77' lang='lat' dir='ltr'><strong>usmis</strong></span> <span class='ocrx_word' id='word_1_399' title='bbox 318 3531 412 3589; x_wconf 82' lang='lat' dir='ltr'><strong>vetus</strong></span> <span class='ocrx_word' id='word_1_400' title='bbox 434 3519 528 3585; x_wconf 89' lang='lat' dir='ltr'><strong>homo</strong></span> <span class='ocrx_word' id='word_1_401' title='bbox 549 3539 623 3585; x_wconf 92' lang='lat' dir='ltr'><strong>oum</strong></span> <span class='ocrx_word' id='word_1_402' title='bbox 651 3519 721 3585; x_wconf 90' lang='lat' dir='ltr'><strong>suis</strong></span> <span class='ocrx_word' id='word_1_403' title='bbox 742 3518 904 3602; x_wconf 87' lang='lat' dir='ltr'><strong>operibus.</strong></span> <span class='ocrx_word' id='word_1_404' title='bbox 959 3517 1102 3584; x_wconf 71' lang='lat' dir='ltr'><strong>Tantum</strong></span> <span class='ocrx_word' id='word_1_405' title='bbox 1125 3521 1160 3583; x_wconf 92' lang='lat' dir='ltr'><strong>in</strong></span> <span class='ocrx_word' id='word_1_406' title='bbox 1211 3521 1254 3588; x_wconf 78' lang='lat' dir='ltr'><strong>od</strong></span> <span class='ocrx_word' id='word_1_407' title='bbox 1273 3541 1323 3588; x_wconf 83' lang='lat' dir='ltr'><strong>eos</strong></span> <span class='ocrx_word' id='word_1_408' title='bbox 1344 3542 1448 3588; x_wconf 80' lang='lat' dir='ltr'><strong>omues</strong></span> <span class='ocrx_word' id='word_1_409' title='bbox 1468 3521 1614 3605; x_wconf 73' lang='lat' dir='ltr'><strong>diffundi.</strong></span> 
     </span>
     <span class='ocr_line' id='line_1_35' title="bbox 188 3603 1161 3688; baseline -0.002 -15"><span class='ocrx_word' id='word_1_410' title='bbox 188 3607 317 3674; x_wconf 86' lang='lat' dir='ltr'><strong>rstione</strong></span> <span class='ocrx_word' id='word_1_411' title='bbox 349 3605 503 3688; x_wconf 90' lang='lat' dir='ltr'><strong>loquendi</strong></span> <span class='ocrx_word' id='word_1_412' title='bbox 536 3615 586 3671; x_wconf 89' lang='lat' dir='ltr'><strong>est</strong></span> <span class='ocrx_word' id='word_1_413' title='bbox 617 3603 809 3670; x_wconf 77' lang='lat' dir='ltr'><strong>diversitos:</strong></span> <span class='ocrx_word' id='word_1_414' title='bbox 842 3603 919 3687; x_wconf 84' lang='lat' dir='ltr'><strong>quie</strong></span> <span class='ocrx_word' id='word_1_415' title='bbox 948 3605 1078 3688; x_wconf 85' lang='lat' dir='ltr'><strong>proprie</strong></span> <span class='ocrx_word' id='word_1_416' title='bbox 1107 3604 1161 3671; x_wconf 92' lang='lat' dir='ltr'><strong>hio</strong></span> 
     </span>
    </p>
   </div>
   <div class='ocr_carea' id='block_1_3' title="bbox 188 3689 2183 3840">
    <p class='ocr_par' dir='ltr' id='par_1_3' title="bbox 188 3689 2183 3840">
     <span class='ocr_line' id='line_1_36' title="bbox 188 3689 2183 3840; baseline -0.002 -80"><span class='ocrx_word' id='word_1_417' title='bbox 188 3711 333 3760; x_wconf 81' lang='lat' dir='ltr'><strong>messem</strong></span> <span class='ocrx_word' id='word_1_418' title='bbox 377 3691 530 3759; x_wconf 76' lang='lat' dir='ltr'><strong>vitiorum</strong></span> <span class='ocrx_word' id='word_1_419' title='bbox 574 3689 728 3774; x_wconf 84' lang='lat' dir='ltr'><strong>exprimit</strong></span> <span class='ocrx_word' id='word_1_420' title='bbox 736 3708 867 3840; x_wconf 65' lang='lat' dir='ltr'><strong>lur’qm</strong></span> <span class='ocrx_word' id='word_1_421' title='bbox 906 3710 977 3754; x_wconf 92' lang='lat' dir='ltr'><strong>eme</strong></span> <span class='ocrx_word' id='word_1_422' title='bbox 1042 3698 1078 3757; x_wconf 92' lang='lat' dir='ltr'><strong>nt</strong></span> <span class='ocrx_word' id='word_1_423' title='bbox 1117 3712 1160 3757; x_wconf 83' lang='lat' dir='ltr'><strong>ex</strong></span> <span class='ocrx_word' id='word_1_424' title='bbox 1298 3692 1349 3759; x_wconf 84' lang='lat'><strong>13.</strong></span> <span class='ocrx_word' id='word_1_425' title='bbox 1371 3692 1416 3759; x_wconf 85' lang='lat' dir='ltr'><strong>Et</strong></span> <span class='ocrx_word' id='word_1_426' title='bbox 1446 3712 1502 3760; x_wconf 84' lang='lat' dir='ltr'><strong>uos</strong></span> <span class='ocrx_word' id='word_1_427' title='bbox 1534 3712 1630 3774; x_wconf 78' lang='lat' dir='ltr'><strong>quum</strong></span> <span class='ocrx_word' id='word_1_428' title='bbox 1664 3693 1780 3759; x_wconf 72' lang='lat' dir='ltr'><strong>meree</strong></span> <span class='ocrx_word' id='word_1_429' title='bbox 1811 3693 1919 3759; x_wconf 71' lang='lat' dir='ltr'><strong>meotis</strong></span> <span class='ocrx_word' id='word_1_430' title='bbox 1945 3692 2066 3758; x_wconf 74' lang='lat' dir='ltr'><strong>delictis</strong></span> <span class='ocrx_word' id='word_1_431' title='bbox 2092 3696 2121 3757; x_wconf 84' lang='lat' dir='ltr'><strong>et</strong></span> <span class='ocrx_word' id='word_1_432' title='bbox 2146 3694 2183 3757; x_wconf 77' lang='lat' dir='ltr'><strong>to</strong></span> 
     </span>
    </p>
   </div>
   <div class='ocr_carea' id='block_1_4' title="bbox 187 3774 2185 5409">
    <p class='ocr_par' dir='ltr' id='par_1_4' title="bbox 187 3774 2185 4373">
     <span class='ocr_line' id='line_1_37' title="bbox 188 3774 2182 3862; baseline -0.001 -17"><span class='ocrx_word' id='word_1_433' title='bbox 188 3786 309 3845; x_wconf 75' lang='lat' dir='ltr'><strong>nutura</strong></span> <span class='ocrx_word' id='word_1_434' title='bbox 329 3783 490 3860; x_wconf 86' lang='lat' dir='ltr'><strong>eorrupte.</strong></span> <span class='ocrx_word' id='word_1_435' title='bbox 533 3774 608 3842; x_wconf 88' lang='lat' dir='ltr'><strong>Hoo</strong></span> <span class='ocrx_word' id='word_1_436' title='bbox 630 3774 737 3858; x_wconf 86' lang='lat' dir='ltr'><strong>perO</strong></span> <span class='ocrx_word' id='word_1_437' title='bbox 780 3781 879 3840; x_wconf 76' lang='lat' dir='ltr'><strong>istum</strong></span> <span class='ocrx_word' id='word_1_438' title='bbox 901 3795 963 3841; x_wconf 91' lang='lat' dir='ltr'><strong>nos</strong></span> <span class='ocrx_word' id='word_1_439' title='bbox 1008 3776 1064 3841; x_wconf 90' lang='lat' dir='ltr'><strong>ioit</strong></span> <span class='ocrx_word' id='word_1_440' title='bbox 1084 3797 1159 3844; x_wconf 89' lang='lat' dir='ltr'><strong>oon·</strong></span> <span class='ocrx_word' id='word_1_441' title='bbox 1205 3779 1375 3862; x_wconf 77' lang='lat' dir='ltr'><strong>praeputio</strong></span> <span class='ocrx_word' id='word_1_442' title='bbox 1404 3779 1512 3844; x_wconf 79' lang='lat' dir='ltr'><strong>earnis</strong></span> <span class='ocrx_word' id='word_1_443' title='bbox 1539 3783 1668 3859; x_wconf 74' lang='lat' dir='ltr'><strong>vestm,</strong></span> <span class='ocrx_word' id='word_1_444' title='bbox 1692 3779 1792 3845; x_wconf 80' lang='lat' dir='ltr'><strong>simet</strong></span> <span class='ocrx_word' id='word_1_445' title='bbox 1822 3779 1990 3860; x_wconf 77' lang='lat' dir='ltr'><strong>vivificavit</strong></span> <span class='ocrx_word' id='word_1_446' title='bbox 2009 3797 2079 3844; x_wconf 76' lang='lat' dir='ltr'><strong>eum</strong></span> <span class='ocrx_word' id='word_1_447' title='bbox 2100 3778 2182 3862; x_wconf 81' lang='lat' dir='ltr'><strong>ipse,</strong></span> 
     </span>
     <span class='ocr_line' id='line_1_38' title="bbox 188 3860 2185 3947; baseline 0 -18"><span class='ocrx_word' id='word_1_448' title='bbox 188 3864 294 3947; x_wconf 84' lang='lat' dir='ltr'><strong>sequi,</strong></span> <span class='ocrx_word' id='word_1_449' title='bbox 315 3870 354 3927; x_wconf 92' lang='lat' dir='ltr'><strong>ut</strong></span> <span class='ocrx_word' id='word_1_450' title='bbox 372 3872 460 3928; x_wconf 88' lang='lat' dir='ltr'><strong>uerte</strong></span> <span class='ocrx_word' id='word_1_451' title='bbox 482 3865 552 3926; x_wconf 84' lang='lat' dir='ltr'><strong>toto</strong></span> <span class='ocrx_word' id='word_1_452' title='bbox 572 3860 777 3944; x_wconf 74' lang='lat' dir='ltr'><strong>regeneratio</strong></span> <span class='ocrx_word' id='word_1_453' title='bbox 799 3861 869 3924; x_wconf 92' lang='lat' dir='ltr'><strong>eins</strong></span> <span class='ocrx_word' id='word_1_454' title='bbox 891 3869 943 3926; x_wconf 88' lang='lat' dir='ltr'><strong>est</strong></span> <span class='ocrx_word' id='word_1_455' title='bbox 957 3862 1159 3928; x_wconf 85' lang='lat' dir='ltr'><strong>benefieium.</strong></span> <span class='ocrx_word' id='word_1_456' title='bbox 1211 3864 1410 3931; x_wconf 78' lang='lat' dir='ltr'><strong>condenondo</strong></span> <span class='ocrx_word' id='word_1_457' title='bbox 1437 3863 1525 3930; x_wconf 75' lang='lat' dir='ltr'><strong>uobis</strong></span> <span class='ocrx_word' id='word_1_458' title='bbox 1553 3865 1658 3930; x_wconf 81' lang='lat' dir='ltr'><strong>omnia</strong></span> <span class='ocrx_word' id='word_1_459' title='bbox 1679 3869 1824 3947; x_wconf 78' lang='lat' dir='ltr'><strong>petente:</strong></span> <span class='ocrx_word' id='word_1_460' title='bbox 1865 3864 1915 3931; x_wconf 85' lang='lat'><strong>14.</strong></span> <span class='ocrx_word' id='word_1_461' title='bbox 1939 3862 2082 3930; x_wconf 57' lang='lat' dir='ltr'><strong>adside</strong></span> <span class='ocrx_word' id='word_1_462' title='bbox 2103 3863 2185 3946; x_wconf 75' lang='lat' dir='ltr'><strong>qued</strong></span> 
     </span>
     <span class='ocr_line' id='line_1_39' title="bbox 189 3944 2185 4034; baseline 0 -19"><span class='ocrx_word' id='word_1_463' title='bbox 189 3948 254 4015; x_wconf 92' lang='lat' dir='ltr'><strong>llle</strong></span> <span class='ocrx_word' id='word_1_464' title='bbox 282 3956 332 4015; x_wconf 88' lang='lat' dir='ltr'><strong>est</strong></span> <span class='ocrx_word' id='word_1_465' title='bbox 359 3947 416 4032; x_wconf 90' lang='lat' dir='ltr'><strong>qui</strong></span> <span class='ocrx_word' id='word_1_466' title='bbox 442 3945 651 4031; x_wconf 74' lang='lat' dir='ltr'><strong>praeputium</strong></span> <span class='ocrx_word' id='word_1_467' title='bbox 681 3944 789 4011; x_wconf 86' lang='lat' dir='ltr'><strong>sordis</strong></span> <span class='ocrx_word' id='word_1_468' title='bbox 817 3946 921 4012; x_wconf 89' lang='lat' dir='ltr'><strong>nostri</strong></span> <span class='ocrx_word' id='word_1_469' title='bbox 948 3947 1159 4032; x_wconf 88' lang='lat' dir='ltr'><strong>oiruumeidit,</strong></span> <span class='ocrx_word' id='word_1_470' title='bbox 1211 3954 1315 4016; x_wconf 78' lang='lat' dir='ltr'><strong>eontra</strong></span> <span class='ocrx_word' id='word_1_471' title='bbox 1346 3970 1404 4016; x_wconf 82' lang='lat' dir='ltr'><strong>nos</strong></span> <span class='ocrx_word' id='word_1_472' title='bbox 1431 3954 1499 4015; x_wconf 81' lang='lat' dir='ltr'><strong>erut</strong></span> <span class='ocrx_word' id='word_1_473' title='bbox 1528 3947 1735 4034; x_wconf 74' lang='lat' dir='ltr'><strong>tliropruplto</strong></span> <span class='ocrx_word' id='word_1_474' title='bbox 1765 3951 1799 4016; x_wconf 82' lang='lat' dir='ltr'><strong>in</strong></span> <span class='ocrx_word' id='word_1_475' title='bbox 1836 3950 1972 4028; x_wconf 64' lang='lat' dir='ltr'><strong>ammio,</strong></span> <span class='ocrx_word' id='word_1_476' title='bbox 2006 3948 2091 4033; x_wconf 73' lang='lat' dir='ltr'><strong>quod</strong></span> <span class='ocrx_word' id='word_1_477' title='bbox 2117 3953 2185 4015; x_wconf 84' lang='lat' dir='ltr'><strong>erut</strong></span> 
     </span>
     <span class='ocr_line' id='line_1_40' title="bbox 189 4031 2183 4119; baseline -0.003 -17"><span class='ocrx_word' id='word_1_478' title='bbox 189 4034 253 4102; x_wconf 83' lang='lat' dir='ltr'><strong>lroo</strong></span> <span class='ocrx_word' id='word_1_479' title='bbox 268 4042 326 4114; x_wconf 91' lang='lat' dir='ltr'><strong>est,</strong></span> <span class='ocrx_word' id='word_1_480' title='bbox 348 4034 404 4116; x_wconf 89' lang='lat' dir='ltr'><strong>qui</strong></span> <span class='ocrx_word' id='word_1_481' title='bbox 422 4053 535 4098; x_wconf 90' lang='lat' dir='ltr'><strong>omnes</strong></span> <span class='ocrx_word' id='word_1_482' title='bbox 553 4033 661 4098; x_wconf 84' lang='lat' dir='ltr'><strong>uernis</strong></span> <span class='ocrx_word' id='word_1_483' title='bbox 680 4031 958 4114; x_wconf 83' lang='lat' dir='ltr'><strong>onneupisosntiss</strong></span> <span class='ocrx_word' id='word_1_484' title='bbox 975 4034 1159 4115; x_wconf 86' lang='lat' dir='ltr'><strong>mortifioet,</strong></span> <span class='ocrx_word' id='word_1_485' title='bbox 1211 4034 1301 4101; x_wconf 77' lang='lat' dir='ltr'><strong>nobis</strong></span> <span class='ocrx_word' id='word_1_486' title='bbox 1326 4036 1534 4119; x_wconf 72' lang='lat' dir='ltr'><strong>contrariete,</strong></span> <span class='ocrx_word' id='word_1_487' title='bbox 1560 4039 1588 4102; x_wconf 83' lang='lat' dir='ltr'><strong>et</strong></span> <span class='ocrx_word' id='word_1_488' title='bbox 1616 4035 1697 4102; x_wconf 63' lang='lat' dir='ltr'><strong>{tet</strong></span> <span class='ocrx_word' id='word_1_489' title='bbox 1723 4035 1850 4102; x_wconf 66' lang='lat' dir='ltr'><strong>mente</strong></span> <span class='ocrx_word' id='word_1_490' title='bbox 1878 4057 1894 4102; x_wconf 85' lang='lat' dir='ltr'><strong>e</strong></span> <span class='ocrx_word' id='word_1_491' title='bbox 1921 4034 2022 4102; x_wconf 82' lang='lat' dir='ltr'><strong>medio</strong></span> <span class='ocrx_word' id='word_1_492' title='bbox 2050 4034 2183 4118; x_wconf 72' lang='lat' dir='ltr'><strong>affixum</strong></span> 
     </span>
     <span class='ocr_line' id='line_1_41' title="bbox 187 4116 2184 4206; baseline -0.001 -19"><span class='ocrx_word' id='word_1_493' title='bbox 187 4139 258 4187; x_wconf 89' lang='lat' dir='ltr'><strong>non</strong></span> <span class='ocrx_word' id='word_1_494' title='bbox 280 4138 391 4200; x_wconf 85' lang='lat' dir='ltr'><strong>menu,</strong></span> <span class='ocrx_word' id='word_1_495' title='bbox 413 4117 470 4185; x_wconf 84' lang='lat' dir='ltr'><strong>sed</strong></span> <span class='ocrx_word' id='word_1_496' title='bbox 491 4118 609 4202; x_wconf 85' lang='lat' dir='ltr'><strong>spiritu</strong></span> <span class='ocrx_word' id='word_1_497' title='bbox 630 4136 698 4183; x_wconf 88' lang='lat' dir='ltr'><strong>suo.</strong></span> <span class='ocrx_word' id='word_1_498' title='bbox 731 4116 822 4202; x_wconf 78' lang='lat' dir='ltr'><strong>Ergo</strong></span> <span class='ocrx_word' id='word_1_499' title='bbox 843 4117 877 4181; x_wconf 92' lang='lat' dir='ltr'><strong>in</strong></span> <span class='ocrx_word' id='word_1_500' title='bbox 892 4136 931 4182; x_wconf 90' lang='lat' dir='ltr'><strong>eo</strong></span> <span class='ocrx_word' id='word_1_501' title='bbox 948 4125 1055 4185; x_wconf 82' lang='lat' dir='ltr'><strong>exstet</strong></span> <span class='ocrx_word' id='word_1_502' title='bbox 1074 4118 1159 4187; x_wconf 79' lang='lat' dir='ltr'><strong>reri-</strong></span> <span class='ocrx_word' id='word_1_503' title='bbox 1212 4122 1305 4199; x_wconf 77' lang='lat' dir='ltr'><strong>erues&#39;,</strong></span> <span class='ocrx_word' id='word_1_504' title='bbox 1339 4121 1390 4186; x_wconf 76' lang='lat'><strong>16.</strong></span> <span class='ocrx_word' id='word_1_505' title='bbox 1408 4121 1585 4206; x_wconf 72' lang='lat' dir='ltr'><strong>exspoliem</strong></span> <span class='ocrx_word' id='word_1_506' title='bbox 1593 4121 1795 4204; x_wconf 74' lang='lat' dir='ltr'><strong>principetur</strong></span> <span class='ocrx_word' id='word_1_507' title='bbox 1814 4127 1842 4188; x_wconf 88' lang='lat' dir='ltr'><strong>et</strong></span> <span class='ocrx_word' id='word_1_508' title='bbox 1849 4125 2024 4204; x_wconf 77' lang='lat' dir='ltr'><strong>potestates,</strong></span> <span class='ocrx_word' id='word_1_509' title='bbox 2041 4120 2184 4187; x_wconf 69' lang='lat' dir='ltr'><strong>traduxit</strong></span> 
     </span>
     <span class='ocr_line' id='line_1_42' title="bbox 189 4205 1810 4290; baseline 0.002 -19"><span class='ocrx_word' id='word_1_510' title='bbox 189 4212 245 4272; x_wconf 87' lang='lat' dir='ltr'><strong>tss</strong></span> <span class='ocrx_word' id='word_1_511' title='bbox 265 4205 401 4290; x_wconf 79' lang='lat' dir='ltr'><strong>ligurus.</strong></span> <span class='ocrx_word' id='word_1_512' title='bbox 1206 4206 1319 4288; x_wconf 75' lang='lat' dir='ltr'><strong>palam</strong></span> <span class='ocrx_word' id='word_1_513' title='bbox 1340 4205 1537 4290; x_wconf 66' lang='lat' dir='ltr'><strong>triumphem</strong></span> <span class='ocrx_word' id='word_1_514' title='bbox 1557 4207 1595 4274; x_wconf 83' lang='lat' dir='ltr'><strong>de</strong></span> <span class='ocrx_word' id='word_1_515' title='bbox 1615 4206 1666 4273; x_wconf 76' lang='lat' dir='ltr'><strong>te</strong></span> <span class='ocrx_word' id='word_1_516' title='bbox 1686 4208 1722 4273; x_wconf 78' lang='lat' dir='ltr'><strong>te</strong></span> <span class='ocrx_word' id='word_1_517' title='bbox 1742 4207 1810 4274; x_wconf 75' lang='lat' dir='ltr'><strong>eto.</strong></span> 
     </span>
     <span class='ocr_line' id='line_1_43' title="bbox 278 4287 1160 4373; baseline -0.002 -17"><span class='ocrx_word' id='word_1_518' title='bbox 278 4290 329 4358; x_wconf 83' lang='grc'><strong>12.</strong></span> <span class='ocrx_word' id='word_1_519' title='bbox 354 4288 533 4373; x_wconf 61' lang='lat' dir='ltr'><strong>meeum</strong></span> <span class='ocrx_word' id='word_1_520' title='bbox 553 4306 622 4354; x_wconf 72' lang='lat' dir='ltr'><strong>m</strong></span> <span class='ocrx_word' id='word_1_521' title='bbox 641 4288 788 4373; x_wconf 78' lang='lat' dir='ltr'><strong>ipseper</strong></span> <span class='ocrx_word' id='word_1_522' title='bbox 808 4287 1006 4372; x_wconf 65' lang='lat' dir='ltr'><strong>baptismum</strong></span> <span class='ocrx_word' id='word_1_523' title='bbox 1041 4287 1160 4356; x_wconf 84' lang='lat' dir='ltr'><strong>Doulo-</strong></span> 
     </span>
    </p>

    <p class='ocr_par' dir='ltr' id='par_1_5' title="bbox 189 4373 2184 5409">
     <span class='ocr_line' id='line_1_44' title="bbox 189 4373 2181 4462; baseline -0.002 -18"><span class='ocrx_word' id='word_1_524' title='bbox 189 4379 245 4444; x_wconf 81' lang='lat' dir='ltr'><strong>rut</strong></span> <span class='ocrx_word' id='word_1_525' title='bbox 273 4378 454 4443; x_wconf 76' lang='lat' dir='ltr'><strong>etiamnum</strong></span> <span class='ocrx_word' id='word_1_526' title='bbox 484 4377 628 4459; x_wconf 79' lang='lat' dir='ltr'><strong>apertius</strong></span> <span class='ocrx_word' id='word_1_527' title='bbox 654 4373 787 4441; x_wconf 84' lang='lat' dir='ltr'><strong>modum</strong></span> <span class='ocrx_word' id='word_1_528' title='bbox 816 4373 995 4458; x_wconf 73' lang='lat' dir='ltr'><strong>spiritualis</strong></span> <span class='ocrx_word' id='word_1_529' title='bbox 1024 4375 1160 4442; x_wconf 91' lang='lat' dir='ltr'><strong>oiroum·</strong></span> <span class='ocrx_word' id='word_1_530' title='bbox 1299 4375 1350 4442; x_wconf 84' lang='lat'><strong>13.</strong></span> <span class='ocrx_word' id='word_1_531' title='bbox 1378 4375 1423 4444; x_wconf 80' lang='lat' dir='ltr'><strong>Et</strong></span> <span class='ocrx_word' id='word_1_532' title='bbox 1442 4397 1495 4444; x_wconf 84' lang='lat' dir='ltr'><strong>eos</strong></span> <span class='ocrx_word' id='word_1_533' title='bbox 1514 4396 1612 4462; x_wconf 75' lang='lat' dir='ltr'><strong>quum</strong></span> <span class='ocrx_word' id='word_1_534' title='bbox 1632 4378 1756 4445; x_wconf 71' lang='lat' dir='ltr'><strong>neunt.</strong></span> <span class='ocrx_word' id='word_1_535' title='bbox 1800 4375 1896 4459; x_wconf 82' lang='lat' dir='ltr'><strong>Quod</strong></span> <span class='ocrx_word' id='word_1_536' title='bbox 1918 4377 1952 4442; x_wconf 93' lang='lat' dir='ltr'><strong>in</strong></span> <span class='ocrx_word' id='word_1_537' title='bbox 1975 4396 2095 4462; x_wconf 76' lang='lat' dir='ltr'><strong>genere</strong></span> <span class='ocrx_word' id='word_1_538' title='bbox 2117 4375 2181 4442; x_wconf 87' lang='lat' dir='ltr'><strong>dis·</strong></span> 
     </span>
     <span class='ocr_line' id='line_1_45' title="bbox 189 4458 2183 4547; baseline -0.002 -17"><span class='ocrx_word' id='word_1_539' title='bbox 189 4460 338 4530; x_wconf 69' lang='lat' dir='ltr'><strong>usone:</strong></span> <span class='ocrx_word' id='word_1_540' title='bbox 369 4480 487 4545; x_wconf 92' lang='lat' dir='ltr'><strong>nempe</strong></span> <span class='ocrx_word' id='word_1_541' title='bbox 514 4461 592 4545; x_wconf 86' lang='lat' dir='ltr'><strong>quio</strong></span> <span class='ocrx_word' id='word_1_542' title='bbox 613 4458 746 4526; x_wconf 87' lang='lat' dir='ltr'><strong>Ohristo</strong></span> <span class='ocrx_word' id='word_1_543' title='bbox 773 4460 966 4545; x_wconf 90' lang='lat' dir='ltr'><strong>oonsepnlti,</strong></span> <span class='ocrx_word' id='word_1_544' title='bbox 995 4473 1161 4528; x_wconf 86' lang='lat' dir='ltr'><strong>eonsortes</strong></span> <span class='ocrx_word' id='word_1_545' title='bbox 1212 4462 1325 4541; x_wconf 88' lang='lat' dir='ltr'><strong>seruit,</strong></span> <span class='ocrx_word' id='word_1_546' title='bbox 1353 4462 1505 4530; x_wconf 79' lang='lat' dir='ltr'><strong>admonet</strong></span> <span class='ocrx_word' id='word_1_547' title='bbox 1534 4462 1743 4532; x_wconf 84' lang='lat' dir='ltr'><strong>Oolossenses</strong></span> <span class='ocrx_word' id='word_1_548' title='bbox 1770 4470 1807 4529; x_wconf 92' lang='lat' dir='ltr'><strong>ut</strong></span> <span class='ocrx_word' id='word_1_549' title='bbox 1834 4464 1869 4529; x_wconf 91' lang='lat' dir='ltr'><strong>in</strong></span> <span class='ocrx_word' id='word_1_550' title='bbox 1890 4463 2008 4547; x_wconf 88' lang='lat' dir='ltr'><strong>seipsis</strong></span> <span class='ocrx_word' id='word_1_551' title='bbox 2029 4481 2183 4547; x_wconf 74' lang='lat' dir='ltr'><strong>reoogno·</strong></span> 
     </span>
     <span class='ocr_line' id='line_1_46' title="bbox 191 4544 2181 4634; baseline -0.001 -19"><span class='ocrx_word' id='word_1_552' title='bbox 191 4566 306 4615; x_wconf 77' lang='lat' dir='ltr'><strong>summ</strong></span> <span class='ocrx_word' id='word_1_553' title='bbox 337 4548 452 4615; x_wconf 89' lang='lat' dir='ltr'><strong>mortis</strong></span> <span class='ocrx_word' id='word_1_554' title='bbox 483 4544 563 4613; x_wconf 81' lang='lat' dir='ltr'><strong>eius</strong></span> <span class='ocrx_word' id='word_1_555' title='bbox 613 4545 653 4612; x_wconf 82' lang='lat' dir='ltr'><strong>Id</strong></span> <span class='ocrx_word' id='word_1_556' title='bbox 684 4546 881 4612; x_wconf 82' lang='lat' dir='ltr'><strong>nominetim</strong></span> <span class='ocrx_word' id='word_1_557' title='bbox 913 4565 975 4613; x_wconf 89' lang='lat' dir='ltr'><strong>uos</strong></span> <span class='ocrx_word' id='word_1_558' title='bbox 1006 4547 1160 4632; x_wconf 88' lang='lat' dir='ltr'><strong>oonsequi</strong></span> <span class='ocrx_word' id='word_1_559' title='bbox 1212 4557 1322 4615; x_wconf 86' lang='lat' dir='ltr'><strong>sesut:</strong></span> <span class='ocrx_word' id='word_1_560' title='bbox 1356 4569 1439 4633; x_wconf 85' lang='lat' dir='ltr'><strong>quse</strong></span> <span class='ocrx_word' id='word_1_561' title='bbox 1466 4549 1562 4634; x_wconf 77' lang='lat' dir='ltr'><strong>longe</strong></span> <span class='ocrx_word' id='word_1_562' title='bbox 1593 4548 1815 4617; x_wconf 85' lang='lat' dir='ltr'><strong>elfiesoissims</strong></span> <span class='ocrx_word' id='word_1_563' title='bbox 1844 4556 1895 4615; x_wconf 89' lang='lat' dir='ltr'><strong>est</strong></span> <span class='ocrx_word' id='word_1_564' title='bbox 1922 4547 2059 4614; x_wconf 81' lang='lat' dir='ltr'><strong>doosndi</strong></span> <span class='ocrx_word' id='word_1_565' title='bbox 2087 4547 2181 4613; x_wconf 87' lang='lat' dir='ltr'><strong>rutio.</strong></span> 
     </span>
     <span class='ocr_line' id='line_1_47' title="bbox 190 4630 2181 4719; baseline -0.002 -20"><span class='ocrx_word' id='word_1_566' title='bbox 190 4652 253 4718; x_wconf 86' lang='lat' dir='ltr'><strong>per</strong></span> <span class='ocrx_word' id='word_1_567' title='bbox 280 4633 477 4719; x_wconf 87' lang='lat' dir='ltr'><strong>bsptismum</strong></span> <span class='ocrx_word' id='word_1_568' title='bbox 508 4630 616 4699; x_wconf 86' lang='lat' dir='ltr'><strong>dooet:</strong></span> <span class='ocrx_word' id='word_1_569' title='bbox 645 4650 712 4715; x_wconf 87' lang='lat' dir='ltr'><strong>quo</strong></span> <span class='ocrx_word' id='word_1_570' title='bbox 739 4632 857 4698; x_wconf 88' lang='lat' dir='ltr'><strong>melius</strong></span> <span class='ocrx_word' id='word_1_571' title='bbox 884 4640 1002 4715; x_wconf 81' lang='lat' dir='ltr'><strong>petest,</strong></span> <span class='ocrx_word' id='word_1_572' title='bbox 1030 4631 1160 4699; x_wconf 91' lang='lat' dir='ltr'><strong>nullum</strong></span> <span class='ocrx_word' id='word_1_573' title='bbox 1212 4634 1318 4701; x_wconf 86' lang='lat' dir='ltr'><strong>Porro</strong></span> <span class='ocrx_word' id='word_1_574' title='bbox 1348 4635 1427 4718; x_wconf 82' lang='lat' dir='ltr'><strong>quie</strong></span> <span class='ocrx_word' id='word_1_575' title='bbox 1489 4634 1586 4702; x_wconf 92' lang='lat' dir='ltr'><strong>ntiles</strong></span> <span class='ocrx_word' id='word_1_576' title='bbox 1608 4641 1702 4701; x_wconf 85' lang='lat' dir='ltr'><strong>erent</strong></span> <span class='ocrx_word' id='word_1_577' title='bbox 1723 4654 1826 4719; x_wconf 87' lang='lat' dir='ltr'><strong>quum</strong></span> <span class='ocrx_word' id='word_1_578' title='bbox 1847 4632 1889 4699; x_wconf 84' lang='lat' dir='ltr'><strong>sd</strong></span> <span class='ocrx_word' id='word_1_579' title='bbox 1909 4633 2082 4701; x_wconf 83' lang='lat' dir='ltr'><strong>Ohristum</strong></span> <span class='ocrx_word' id='word_1_580' title='bbox 2103 4642 2181 4699; x_wconf 88' lang='lat' dir='ltr'><strong>sunt</strong></span> 
     </span>
     <span class='ocr_line' id='line_1_48' title="bbox 189 4656 2181 4805; baseline -0.001 -19"><span class='ocrx_word' id='word_1_581' title='bbox 189 4737 265 4786; x_wconf 85' lang='lat' dir='ltr'><strong>erse</strong></span> <span class='ocrx_word' id='word_1_582' title='bbox 286 4738 380 4785; x_wconf 91' lang='lat' dir='ltr'><strong>usum</strong></span> <span class='ocrx_word' id='word_1_583' title='bbox 402 4717 659 4784; x_wconf 89' lang='lat' dir='ltr'><strong>oiroumuisionis</strong></span> <span class='ocrx_word' id='word_1_584' title='bbox 680 4715 743 4785; x_wconf 91' lang='lat' dir='ltr'><strong>sub</strong></span> <span class='ocrx_word' id='word_1_585' title='bbox 762 4737 865 4803; x_wconf 81' lang='lat' dir='ltr'><strong>regno</strong></span> <span class='ocrx_word' id='word_1_586' title='bbox 887 4716 1021 4785; x_wconf 74' lang='lat' dir='ltr'><strong>Christi.</strong></span> <span class='ocrx_word' id='word_1_587' title='bbox 1064 4718 1160 4786; x_wconf 85' lang='lat' dir='ltr'><strong>Pote-</strong></span> <span class='ocrx_word' id='word_1_588' title='bbox 1212 4721 1374 4805; x_wconf 85' lang='lat' dir='ltr'><strong>oonversi,</strong></span> <span class='ocrx_word' id='word_1_589' title='bbox 1404 4656 1488 4786; x_wconf 58' lang='lat' dir='ltr'><strong>infee</strong></span> <span class='ocrx_word' id='word_1_590' title='bbox 1513 4721 1667 4788; x_wconf 73' lang='lat' dir='ltr'><strong>admonet</strong></span> <span class='ocrx_word' id='word_1_591' title='bbox 1692 4739 1792 4804; x_wconf 83' lang='lat' dir='ltr'><strong>quem</strong></span> <span class='ocrx_word' id='word_1_592' title='bbox 1820 4717 1998 4787; x_wconf 70' lang='lat' dir='ltr'><strong>absurdum</strong></span> <span class='ocrx_word' id='word_1_593' title='bbox 2026 4719 2071 4786; x_wconf 89' lang='lat' dir='ltr'><strong>sit</strong></span> <span class='ocrx_word' id='word_1_594' title='bbox 2091 4738 2181 4785; x_wconf 89' lang='lat' dir='ltr'><strong>nuno</strong></span> 
     </span>
     <span class='ocr_line' id='line_1_49' title="bbox 191 4802 2180 4888; baseline -0.001 -17"><span class='ocrx_word' id='word_1_595' title='bbox 191 4813 245 4871; x_wconf 83' lang='lat' dir='ltr'><strong>rst</strong></span> <span class='ocrx_word' id='word_1_596' title='bbox 269 4805 359 4870; x_wconf 87' lang='lat' dir='ltr'><strong>euim</strong></span> <span class='ocrx_word' id='word_1_597' title='bbox 391 4803 514 4886; x_wconf 87' lang='lat' dir='ltr'><strong>slioqui</strong></span> <span class='ocrx_word' id='word_1_598' title='bbox 544 4802 684 4870; x_wconf 86' lang='lat' dir='ltr'><strong>oblinere</strong></span> <span class='ocrx_word' id='word_1_599' title='bbox 716 4803 889 4888; x_wconf 77' lang='lat' dir='ltr'><strong>quispiam,</strong></span> <span class='ocrx_word' id='word_1_600' title='bbox 921 4803 991 4870; x_wconf 86' lang='lat' dir='ltr'><strong>Onr</strong></span> <span class='ocrx_word' id='word_1_601' title='bbox 1021 4803 1159 4871; x_wconf 87' lang='lat' dir='ltr'><strong>oiroum·</strong></span> <span class='ocrx_word' id='word_1_602' title='bbox 1211 4805 1253 4871; x_wconf 87' lang='lat' dir='ltr'><strong>sd</strong></span> <span class='ocrx_word' id='word_1_603' title='bbox 1268 4807 1426 4872; x_wconf 84' lang='lat' dir='ltr'><strong>mosuiess</strong></span> <span class='ocrx_word' id='word_1_604' title='bbox 1440 4806 1662 4874; x_wconf 77' lang='lat' dir='ltr'><strong>eaeremoniss</strong></span> <span class='ocrx_word' id='word_1_605' title='bbox 1676 4827 1697 4873; x_wconf 88' lang='lat' dir='ltr'><strong>s</strong></span> <span class='ocrx_word' id='word_1_606' title='bbox 1711 4805 1844 4874; x_wconf 79' lang='lat' dir='ltr'><strong>Christo</strong></span> <span class='ocrx_word' id='word_1_607' title='bbox 1859 4804 2049 4872; x_wconf 74' lang='lat' dir='ltr'><strong>transsilire.</strong></span> <span class='ocrx_word' id='word_1_608' title='bbox 2080 4803 2180 4870; x_wconf 75' lang='lat' dir='ltr'><strong>liro·</strong></span> 
     </span>
     <span class='ocr_line' id='line_1_50' title="bbox 190 4888 2181 4977; baseline -0.001 -19"><span class='ocrx_word' id='word_1_609' title='bbox 190 4888 347 4958; x_wconf 74' lang='lat' dir='ltr'><strong>oisiomm</strong></span> <span class='ocrx_word' id='word_1_610' title='bbox 375 4888 485 4955; x_wconf 86' lang='lat' dir='ltr'><strong>sboles</strong></span> <span class='ocrx_word' id='word_1_611' title='bbox 511 4889 572 4956; x_wconf 85' lang='lat' dir='ltr'><strong>hoe</strong></span> <span class='ocrx_word' id='word_1_612' title='bbox 601 4897 782 4972; x_wconf 73' lang='lat' dir='ltr'><strong>praetextu,</strong></span> <span class='ocrx_word' id='word_1_613' title='bbox 815 4889 891 4973; x_wconf 84' lang='lat' dir='ltr'><strong>quio</strong></span> <span class='ocrx_word' id='word_1_614' title='bbox 923 4889 1059 4957; x_wconf 80' lang='lat' dir='ltr'><strong>effeetus</strong></span> <span class='ocrx_word' id='word_1_615' title='bbox 1090 4892 1160 4956; x_wconf 88' lang='lat' dir='ltr'><strong>eius</strong></span> <span class='ocrx_word' id='word_1_616' title='bbox 1212 4892 1288 4976; x_wconf 89' lang='lat' dir='ltr'><strong>tis,</strong></span> <span class='ocrx_word' id='word_1_617' title='bbox 1308 4891 1424 4976; x_wconf 89' lang='lat' dir='ltr'><strong>inquit,</strong></span> <span class='ocrx_word' id='word_1_618' title='bbox 1439 4893 1610 4970; x_wconf 88' lang='lat' dir='ltr'><strong>mortui,</strong></span> <span class='ocrx_word' id='word_1_619' title='bbox 1625 4893 1668 4958; x_wconf 89' lang='lat' dir='ltr'><strong>in</strong></span> <span class='ocrx_word' id='word_1_620' title='bbox 1685 4891 1922 4977; x_wconf 86' lang='lat' dir='ltr'><strong>prseputio.</strong></span> <span class='ocrx_word' id='word_1_621' title='bbox 1949 4891 2181 4958; x_wconf 73' lang='lat' dir='ltr'><strong>Potesttamen</strong></span> 
     </span>
     <span class='ocr_line' id='line_1_51' title="bbox 190 4973 2180 5063; baseline -0.003 -19"><span class='ocrx_word' id='word_1_622' title='bbox 190 4975 237 5044; x_wconf 88' lang='lat' dir='ltr'><strong>sit</strong></span> <span class='ocrx_word' id='word_1_623' title='bbox 263 4976 297 5042; x_wconf 94' lang='lat' dir='ltr'><strong>in</strong></span> <span class='ocrx_word' id='word_1_624' title='bbox 320 4973 474 5042; x_wconf 84' lang='lat' dir='ltr'><strong>Ohristu‘l</strong></span> <span class='ocrx_word' id='word_1_625' title='bbox 518 4977 639 5040; x_wconf 78' lang='lat' dir='ltr'><strong>Annon</strong></span> <span class='ocrx_word' id='word_1_626' title='bbox 669 4975 767 5040; x_wconf 85' lang='lat' dir='ltr'><strong>etism</strong></span> <span class='ocrx_word' id='word_1_627' title='bbox 789 4974 1001 5059; x_wconf 85' lang='lat' dir='ltr'><strong>spiritusliter</strong></span> <span class='ocrx_word' id='word_1_628' title='bbox 1022 4976 1160 5042; x_wconf 88' lang='lat' dir='ltr'><strong>eiroum·</strong></span> <span class='ocrx_word' id='word_1_629' title='bbox 1213 4977 1268 5044; x_wconf 81' lang='lat' dir='ltr'><strong>rel</strong></span> <span class='ocrx_word' id='word_1_630' title='bbox 1289 4978 1324 5043; x_wconf 93' lang='lat' dir='ltr'><strong>in</strong></span> <span class='ocrx_word' id='word_1_631' title='bbox 1345 4978 1479 5063; x_wconf 86' lang='lat' dir='ltr'><strong>propris</strong></span> <span class='ocrx_word' id='word_1_632' title='bbox 1498 4977 1735 5063; x_wconf 78' lang='lat' dir='ltr'><strong>signitiustione</strong></span> <span class='ocrx_word' id='word_1_633' title='bbox 1756 4976 1858 5062; x_wconf 84' lang='lat' dir='ltr'><strong>neoipi</strong></span> <span class='ocrx_word' id='word_1_634' title='bbox 1880 4976 1943 5044; x_wconf 89' lang='lat' dir='ltr'><strong>hoo</strong></span> <span class='ocrx_word' id='word_1_635' title='bbox 1963 4995 2094 5052; x_wconf 89' lang='lat' dir='ltr'><strong>nomen,</strong></span> <span class='ocrx_word' id='word_1_636' title='bbox 2127 4974 2180 5040; x_wconf 83' lang='lat' dir='ltr'><strong>rel</strong></span> 
     </span>
     <span class='ocr_line' id='line_1_52' title="bbox 189 5058 2181 5148; baseline -0.002 -20"><span class='ocrx_word' id='word_1_637' title='bbox 189 5060 280 5128; x_wconf 84' lang='lat' dir='ltr'><strong>eisne</strong></span> <span class='ocrx_word' id='word_1_638' title='bbox 312 5060 376 5127; x_wconf 88' lang='lat' dir='ltr'><strong>luit</strong></span> <span class='ocrx_word' id='word_1_639' title='bbox 408 5059 600 5126; x_wconf 76' lang='lat' dir='ltr'><strong>Abrshumi</strong></span> <span class='ocrx_word' id='word_1_640' title='bbox 644 5061 675 5127; x_wconf 85' lang='grc' dir='ltr'><strong>Δ</strong></span> <span class='ocrx_word' id='word_1_641' title='bbox 712 5061 746 5126; x_wconf 92' lang='lat' dir='ltr'><strong>ui</strong></span> <span class='ocrx_word' id='word_1_642' title='bbox 777 5059 840 5128; x_wconf 89' lang='lat' dir='ltr'><strong>hoe</strong></span> <span class='ocrx_word' id='word_1_643' title='bbox 871 5060 1006 5127; x_wconf 90' lang='lat' dir='ltr'><strong>minime</strong></span> <span class='ocrx_word' id='word_1_644' title='bbox 1036 5061 1162 5128; x_wconf 89' lang='lat' dir='ltr'><strong>obstitit</strong></span> <span class='ocrx_word' id='word_1_645' title='bbox 1213 5063 1421 5130; x_wconf 86' lang='lat' dir='ltr'><strong>trsnsletitie.</strong></span> <span class='ocrx_word' id='word_1_646' title='bbox 1457 5062 1497 5131; x_wconf 80' lang='lat' dir='ltr'><strong>si</strong></span> <span class='ocrx_word' id='word_1_647' title='bbox 1519 5064 1650 5148; x_wconf 88' lang='lat' dir='ltr'><strong>proprie</strong></span> <span class='ocrx_word' id='word_1_648' title='bbox 1671 5062 1821 5148; x_wconf 86' lang='lat' dir='ltr'><strong>sooipiss,</strong></span> <span class='ocrx_word' id='word_1_649' title='bbox 1842 5082 1960 5129; x_wconf 86' lang='lat' dir='ltr'><strong>sensus</strong></span> <span class='ocrx_word' id='word_1_650' title='bbox 1981 5063 2061 5129; x_wconf 87' lang='lat' dir='ltr'><strong>erit:</strong></span> <span class='ocrx_word' id='word_1_651' title='bbox 2084 5058 2181 5127; x_wconf 81' lang='lat' dir='ltr'><strong>Prse</strong></span> 
     </span>
     <span class='ocr_line' id='line_1_53' title="bbox 190 5145 2179 5251; baseline -0.003 -36"><span class='ocrx_word' id='word_1_652' title='bbox 190 5147 367 5232; x_wconf 81' lang='lat' dir='ltr'><strong>quominus</strong></span> <span class='ocrx_word' id='word_1_653' title='bbox 402 5147 532 5231; x_wconf 75' lang='lat' dir='ltr'><strong>signum</strong></span> <span class='ocrx_word' id='word_1_654' title='bbox 569 5146 616 5247; x_wconf 72' lang='lat' dir='ltr'><strong>rei</strong></span> <span class='ocrx_word' id='word_1_655' title='bbox 652 5145 695 5212; x_wconf 83' lang='lat' dir='ltr'><strong>od</strong></span> <span class='ocrx_word' id='word_1_656' title='bbox 715 5155 795 5247; x_wconf 72' lang='lat' dir='ltr'><strong>eret</strong></span> <span class='ocrx_word' id='word_1_657' title='bbox 839 5145 930 5247; x_wconf 74' lang='lat' dir='ltr'><strong>.N⁰⁰.</strong></span> <span class='ocrx_word' id='word_1_658' title='bbox 954 5153 1017 5248; x_wconf 35' lang='lat' dir='ltr'><strong>‚est</strong></span> <span class='ocrx_word' id='word_1_659' title='bbox 1042 5147 1163 5247; x_wconf 81' lang='lat' dir='ltr'><strong>⁰igitur</strong></span> <span class='ocrx_word' id='word_1_660' title='bbox 1213 5149 1342 5250; x_wconf 76' lang='lat' dir='ltr'><strong>putinm</strong></span> <span class='ocrx_word' id='word_1_661' title='bbox 1374 5148 1560 5236; x_wconf 79' lang='lat' dir='ltr'><strong>symbolum</strong></span> <span class='ocrx_word' id='word_1_662' title='bbox 1592 5153 1643 5218; x_wconf 86' lang='lat' dir='ltr'><strong>set</strong></span> <span class='ocrx_word' id='word_1_663' title='bbox 1675 5149 1931 5251; x_wconf 52' lang='lat' dir='ltr'><strong>slienetioniso</strong></span> <span class='ocrx_word' id='word_1_664' title='bbox 1962 5147 2068 5248; x_wconf 37' lang='lat' dir='ltr'><strong>Deo..⁸</strong></span> <span class='ocrx_word' id='word_1_665' title='bbox 2095 5145 2179 5211; x_wconf 78' lang='lat' dir='ltr'><strong>Num</strong></span> 
     </span>
     <span class='ocr_line' id='line_1_54' title="bbox 190 5233 2184 5409; baseline -0.003 -22"><span class='ocrx_word' id='word_1_666' title='bbox 190 5239 1162 5387; x_wconf 62' lang='lat' dir='ltr'><strong>tt&#39;ttt·t.³ttt,·i”⁰tttt÷⁰tttttt⁰ztf</strong></span> <span class='ocrx_word' id='word_1_667' title='bbox 1212 5234 1864 5409; x_wconf 63' lang='lat' dir='ltr'><strong>tittttttlttttt’llt</strong></span> <span class='ocrx_word' id='word_1_668' title='bbox 1879 5233 2184 5404; x_wconf 57' lang='lat' dir='ltr'><strong>ttttl&#39;t‘tttt</strong></span> 
     </span>
    </p>
   </div>
   <div class='ocr_carea' id='block_1_5' title="bbox 0 0 2386 6016">
    <p class='ocr_par' dir='ltr' id='par_1_6' title="bbox 0 0 2386 6016">
     <span class='ocr_line' id='line_1_55' title="bbox 0 0 2386 6016; baseline 0 0"><span class='ocrx_word' id='word_1_669' title='bbox 0 0 2386 6016; x_wconf 95' lang='lat' dir='ltr'><strong> </strong></span> 
     </span>
    </p>
   </div>
  </div>
 </body>
</html>
