4762 6016
188 318 250 386 389
1066 311 1217 380 carot
1240 311 1301 378 IV.
2117 313 2185 384 390

272 509 398 594 6.qu
418 509 502 577 euim
522 509 590 576 ιἰιιιι
610 507 762 574 immolor.
794 505 917 572 Reddit
935 524 1067 573 eausam
1089 513 1157 573 tam
1211 504 1268 573 sed
1296 526 1385 572 mors
1407 525 1535 606 quoque
1561 508 1631 575 eius
1656 509 1811 593 probrosa
1839 508 1949 575 futura
1973 517 2053 577 erat.
2098 510 2182 592 Quis

186 597 289 665 uriae
310 594 535 662 obtestationis
555 612 621 678 qna
637 613 718 659 usus
738 598 806 658 est:
829 612 867 659 ao
881 591 909 657 si
925 591 1064 657 diaeret:
1086 591 1158 677 Ego
1210 611 1290 677 ergo
1304 612 1369 658 non
1391 589 1526 658 dixisset
1539 591 1647 676 ipsum
1670 594 1841 661 intelioiter
1854 593 2073 663 oontendere?
2114 595 2181 664 Sed

208 681 343 749 uamdiu
365 681 446 762 vixi,
473 699 609 746 manum
629 678 688 745 tihi
710 678 857 761 porrexi:
885 677 943 744 tibi
967 697 1057 743 meae
1079 677 1158 743 sesi·
1210 677 1279 763 ipse
1301 698 1321 744 a
1342 678 1505 762 perversis
1527 678 1698 745 hominnm
1713 679 1839 746 iudioiis
1861 700 1928 746 non
1943 679 2078 765 pendet:
2100 682 2182 766 quin

209 789 271 835 uae
291 765 536 834 exhortationes
558 785 623 831 non
646 763 835 830 defuerunt:
858 762 916 828 tibi
935 782 1008 829 mea
1022 760 1159 829 oonsilia
1234 763 1318 830 otius
1341 762 1565 848 magnitudine
1587 763 1687 830 animi
1702 786 1737 832 se
1758 765 1857 850 erigit
1877 785 1978 850 supra
1992 785 2106 834 omnes
2127 786 2180 835 ea·

186 855 320 920 inerunt
341 871 458 937 magno
479 850 678 933 adiumento,
706 858 740 917 et
761 848 945 932 exemplum
968 848 1065 914 etiam
1088 868 1159 914 ma·
1210 783 1383 931 imitatu,
1409 857 1447 914 nt
1468 847 1552 914 nihil
1574 849 1644 916 eius
1664 849 1811 918 ielioitati
1833 871 1871 918 ao
1892 851 2014 936 gloriae
2035 850 2181 920 obsistat.

186 958 271 1026 gnae
292 937 545 1004 oonfirmationi:
567 935 632 1001 iam
648 939 778 1020 tempus
799 943 849 1000 est
866 943 902 999 ιιι
924 932 983 999 tihi
998 934 1067 1018 ipse
1090 954 1159 998 ma·
1211 933 1388 1001 Certamen
1416 934 1527 1021 igitur,
1555 933 1640 1019 quod
1672 937 1821 1020 certavit,
1862 936 1983 1003 bonum
2020 944 2054 1003 et
2086 936 2180 1006 deeo-

186 1025 290 1110 gister
317 1024 362 1090 eis
394 1030 491 1107 atque
523 1020 683 1098 hortator,
716 1029 893 1104 naturaque
924 1020 1059 1104 inoipias
1088 1018 1160 1085 aine
1210 1038 1284 1086 rum
1310 1040 1381 1086 esse
1410 1021 1616 1104 pronuntiatt
1648 1020 1792 1105 adeoque
1819 1021 1881 1089 sibi
1911 1019 1952 1088 de
1979 1026 2085 1091 morte
2111 1023 2182 1109 ipsa

186 1111 319 1177 eortioe:
349 1127 427 1175 eave
456 1107 602 1190 nequid
632 1115 737 1173 morte
766 1125 839 1170 mea
866 1105 901 1170 in
931 1116 963 1170 te
995 1111 1159 1170 mutatum
1211 1104 1405 1189 gratulatur,
1432 1105 1509 1190 quia
1529 1107 1575 1172 eit
1595 1105 1698 1172 veluti
1719 1106 1817 1174 stadii
1839 1107 1890 1174 eni
1912 1116 2008 1174 meta
2052 1106 2182 1176 Soimus

187 1194 476 1265 animadvertatur.
533 1191 708 1263 anterum
741 1189 903 1257 notandae
935 1199 1011 1256 sunt
1043 1190 1157 1274 loquu-
1211 1196 1322 1256 antem
1344 1199 1422 1258 tuno
1444 1191 1512 1258 voti
1533 1199 1697 1274 oompotes
1717 1212 1789 1260 esse
1809 1214 1968 1277 uersoree,
1991 1214 2093 1279 quum
2115 1214 2181 1261 me·

186 1283 293 1351 denes
314 1279 431 1364 quibus
452 1287 591 1345 mortem
611 1297 705 1347 suam
731 1276 888 1363 designat.
932 1273 1073 1342 Nomine
1098 1296 1159 1341 re·
1212 1286 1279 1342 tam
1300 1276 1465 1360 aesequmi
1487 1290 1573 1343 sunt
1605 1276 1678 1345 Hoo
1700 1278 1940 1364 quoquomodo
1962 1278 2087 1348 Ohristi
2108 1280 2183 1347 ath·

187 1365 419 1436 solutionis
455 1364 617 1449 signifieat
646 1383 706 1430 nos
734 1361 902 1429 moriendo
931 1381 997 1426 non
1025 1380 1159 1444 prorsus
1211 1361 1286 1426 letis
1300 1370 1437 1427 mortam
1452 1381 1524 1428 esse
1538 1363 1711 1445 optabilem
1725 1364 1899 1450 signifieat,
1921 1365 2074 1450 quoniam
2088 1365 2183 1432 finiat

187 1454 336 1529 interire,
372 1449 449 1535 quia
485 1460 613 1516 tantum
647 1448 757 1514 anima
787 1467 807 1513 a
842 1467 977 1532 torpore
1009 1447 1157 1513 solvitur.
1211 1467 1323 1513 eornm
1344 1446 1488 1514 labores:
1517 1455 1550 1514 et
1571 1449 1668 1516 simul
1690 1471 1731 1515 ox
1750 1449 1887 1517 adverso
1908 1450 2071 1532 admonet,
2099 1471 2183 1517 nun·

186 1538 284 1608 Unde
311 1535 503 1621 oolligimus,
532 1542 670 1600 mortem
697 1533 777 1599 nihil
805 1554 877 1599 esee
906 1552 1003 1617 quam
1031 1533 1159 1598 ammae
1211 1552 1310 1616 quam
1333 1553 1404 1598 ease
1425 1532 1461 1599 in
1481 1531 1544 1601 hae
1560 1535 1628 1601 vita
1648 1533 1898 1617 qniesosndum:
1920 1536 1995 1620 quia
2010 1535 2093 1603 nihil
2108 1557 2183 1621 pro-

186 1617 1157 1786 tt.‘ttt.¹⁰tttt‘.⁰.¹¹tt.ttt..tfl”ttttttttt
1210 1618 1498 1771 zittert?
1514 1619 2183 1792 ltttttffittttttttttrr

186 1794 310 1862 liariter
338 1790 436 1858 Pauli
468 1789 565 1856 morti
596 1789 803 1874 congruebat,
836 1808 932 1872 quam
960 1788 1070 1856 obibat
1098 1808 1159 1872 pro
1211 1787 1307 1869 Quod
1337 1751 1483 1873 seq'uitur
1505 1790 1544 1856 de
1571 1790 1653 1856 lide
1682 1801 1864 1875 servata,
1892 1792 2054 1877 duplieem
2077 1798 2184 1877 potest

186 1876 362 1948 asserenda
378 1875 501 1944 Ohristi
523 1875 670 1943 veritate.
703 1873 789 1942 Nam
811 1874 960 1958 quamvis
979 1875 1026 1957 pii
1046 1894 1159 1940 omnes
1210 1873 1331 1940 hebere
1352 1896 1495 1959 sensum,
1517 1875 1568 1942 vel
1590 1876 1677 1961 quod
1699 1877 1805 1944 tidelis
1819 1878 1860 1944 ad
1882 1888 2067 1944 extremum
2085 1877 2183 1944 luerit

186 1976 255 2032 tam
288 1963 431 2031 vivendo
462 1960 659 2040 obedienter,
692 1980 792 2045 quam
825 1958 1001 2040 moriendo,
1033 1958 1159 2026 hostiae
1210 1959 1306 2025 miles
1324 1959 1483 2039 ducisne,
1506 1961 2179 2048 valquodinreetadootrinaperetiterit.

186 2053 253 2119 sint
267 2049 340 2115 Deo
361 2058 527 2131 aeoeptae:
551 2047 786 2131 praestantiora
809 2058 918 2112 tamen
933 2044 1029 2111 modo
1046 2045 1159 2110 immo·
1212 2044 1357 2128 Uterque
1378 2066 1492 2112 sensus
1515 2069 1580 2113 non
1603 2048 1688 2114 male
1709 2048 1893 2116 eonveniet.
1936 2049 1981 2115 Iit
2005 2058 2093 2116 oerte
2114 2071 2181 2114 non

187 2136 298 2203 lentur
326 2153 397 2200 mar
435 2153 497 2210 res,
526 2132 719 2217 sanguinem
750 2130 918 2197 fundendo
945 2151 1005 2216 pro
1033 2129 1159 2198 Christi
1211 2130 1306 2195 aliter
1340 2133 1444 2214 potuit
1474 2152 1568 2198 suam
1599 2134 1788 2201 fidelitatem
1821 2133 1999 2219 approhare
2028 2134 2179 2214 Domino,

186 2223 328 2289 nomine.
367 2217 462 2285 Ade
484 2219 569 2302 qnod
593 2218 728 2285 verbum
750 2214 955 2294 rettuderim,
976 2216 1160 2300 quodPau-
1211 2236 1309 2299 quam
1331 2224 1517 2283 oonstanter
1538 2217 1721 2302 profitendo
1742 2239 1857 2303 puram
1879 2219 2043 2305 evangelii
2066 2219 2181 2287 doetri-

185 2307 239 2374 lus
259 2306 313 2373 bio
334 2313 480 2390 usurpet,
509 2324 576 2370 non
604 2305 754 2387 quamvis
774 2302 1030 2369 immolationem
1056 2301 1159 2385 signi·
1211 2321 1298 2367 nam.
1343 2302 1453 2386 Neque
1480 2307 1583 2371 mmm
1608 2304 1712 2373 dubito
1731 2306 1809 2390 quin
1836 2306 1881 2372 od
1900 2306 2021 2373 solerem
2045 2305 2180 2372 militiae

187 2394 273 2472 fleat,
302 2391 359 2459 sed
388 2410 472 2474 quae
499 2391 538 2455 fit
558 2389 593 2454 in
619 2388 804 2455 foederibus
832 2387 1026 2454 senoiendis.
1070 2387 1161 2472 Ergo
1209 2387 1435 2454 indurandum
1448 2387 1585 2456 alludat
1605 2392 1687 2457 orsi
1706 2392 1819 2459 diceret
1838 2410 1872 2458 ar
1885 2391 2062 2474 protum
2079 2388 2181 2472 fidum

136 2546 138 2550 ,
186 2478 273 2546 idem
295 2478 356 2545 boo
377 2476 448 2543 loeo
470 2475 498 2542 ei
522 2474 645 2555 nifioat,
674 2473 759 2558 qnod
788 2474 907 2541 elarius
933 2472 1088 2557 exprimit
1117 2472 1158 2538 ad
1210 2472 1284 2539 daei
1304 2493 1361 2540 auo
1381 2474 1509 2541 sudium
1527 2475 1639 2556 suber.

187 2563 334 2649 Philipp.
364 2563 469 2646 eapite
497 2496 527 2640 ξ,
558 2560 608 2641 17,
638 2580 738 2643 quum
768 2559 856 2639 dieit,
889 2558 978 2642 Quin
1005 2559 1103 2624 etiam
1131 2557 1160 2623 si
1297 2559 1326 2626 8.
1352 2559 1439 2642 Quod
1458 2563 1607 2640 ειιρθνεει.
1650 2560 1755 2629 Siouti
1783 2570 1818 2628 et
1846 2561 1886 2628 de
1908 2561 2084 2627 uertamine
2111 2582 2181 2643 suo,

187 2649 339 2716 immolor
358 2667 456 2732 super
476 2647 634 2714 saedfloio
655 2645 732 2712 tldei
746 2655 884 2726 restrae,
905 2644 1040 2729 gaudeo.
1073 2643 1159 2709 Nam
1211 2653 1245 2710 et
1265 2664 1363 2712 eursu
1384 2645 1555 2727 eompleto,
1576 2654 1609 2712 et
1629 2646 1693 2713 fide
1714 2656 1847 2714 serrata
1866 2644 2024 2733 gloriatus
2044 2653 2112 2714 est:
2133 2647 2181 2712 ita

190 2735 258 2802 illio
279 2733 434 2820 intelligit
455 2730 553 2800 iidem
568 2730 829 2815 Philippensium
852 2751 918 2796 non
939 2729 1035 2796 aliter
1056 2738 1161 2795 morte
1211 2751 1299 2796 nune
1321 2749 1356 2795 se
1374 2751 1439 2794 non
1460 2730 1583 2797 trustra
1597 2730 1758 2799 laborasse
1776 2732 1928 2798 affirmat.
1965 2731 2078 2799 Potest
2092 2733 2180 2799 enim

188 2841 250 2888 sua
269 2819 430 2886 sanoitnm
451 2818 501 2899 iri,
526 2837 622 2902 quam
644 2816 748 2883 eaesis
769 2816 910 2882 viotimis
930 2814 1060 2881 ioedera
1081 2815 1160 2880 olim
1212 2816 1284 2883 fieri
1300 2827 1335 2881 ut
1355 2825 1522 2882 strenuam
1536 2816 1609 2899 quis
1631 2836 1762 2901 operam
1777 2826 1885 2899 navet,
1908 2816 2056 2885 meroede
2069 2826 2181 2885 tamen

189 2903 427 2972 sentiebantur.
481 2902 555 2970 Non
583 2903 670 2986 quod
699 2903 735 2967 in
766 2911 947 2987 martyrum
975 2901 1162 2967 eonstantia
1212 2901 1274 2968 sibi
1296 2900 1405 2967 dehita
1425 2901 1607 2968 frustretur.
1651 2900 1698 2968 At
1719 2903 1843 2971 Paulus
1871 2907 1993 2970 sertam
2021 2901 2082 2969 sihi
2110 2923 2181 2970 esee

189 2991 319 3077 proprie
340 2989 476 3056 fundata
496 2989 539 3054 sit
560 2987 637 3055 fidei
658 2998 789 3055 nostrae
810 2984 985 3054 uertitudo:
1006 2987 1064 3053 sed
1085 2986 1163 3070 quia
1213 2986 1395 3054 mereodem
1428 2986 1515 3054 dioit.
1568 2986 1660 3056 Haeo
1693 2997 1802 3056 autem
1835 2986 1996 3057 uertitudo
2027 2986 2103 3055 inde
2133 2988 2182 3054 illi

189 3071 1163 3244 tttfflt.tutttttttttttttttttt
1213 3072 2026 3245 tt‘tt⁰tt.tttt..²tttt⁸t¹⁶⁰ttt
2044 3093 2182 3226 tttt:

190 3267 291 3332 qaum
313 3181 443 3316 :deant
460 3244 626 3313 doetrinae
645 3263 723 3312 suae
737 3246 946 3322 nuntiarem,
969 3242 1098 3310 atinde
1115 3206 1164 3327 pii
1214 3246 1299 3310 eirea
1320 3242 1405 3309 nihil
1426 3242 1516 3310 alind
1537 3256 1674 3328 apparet
1694 3264 1793 3330 quam
1815 3262 1917 3312 mors:
1938 3264 2017 3330 ergo
2038 3264 2106 3310 non
2128 3243 2181 3311 de·

190 3333 295 3418 magis
316 3332 542 3399 animarentur
563 3329 605 3397 ad
626 3329 912 3415 perseverandum,
938 3349 1038 3414 quam
1059 3328 1163 3397 labas-
1213 3330 1329 3396 hemus
1348 3327 1485 3397 haerere
1498 3330 1533 3396 in
1549 3329 1663 3397 mundi
1678 3331 1736 3398 ade
1797 3339 1842 3411 tu,
1863 3328 1920 3397 sed
1935 3330 2043 3416 potius
2057 3328 2183 3398 Christi

191 3429 312 3498 serent,
335 3428 372 3485 ut
391 3438 490 3503 saepe
511 3416 584 3483 fleri
606 3415 698 3484 solet.
1214 3415 1390 3481 adrentum
1412 3413 1506 3482 nohis
1519 3434 1710 3502 proponere.
1763 3426 1796 3483 ta
1815 3415 1874 3484 fiat
1893 3425 1933 3483 ut
1947 3415 2030 3483 nihil
2052 3423 2183 3485 nostrae

279 3503 416 3587 tropas
431 3501 640 3570 rwobtts‘ouis.
674 3501 767 3570 Haeo
788 3521 916 3586 qnoque
936 3499 1085 3586 loquutio
1106 3519 1164 3566 no·
1214 3500 1363 3567 iolioitati
1377 3500 1520 3586 demet.
1553 3500 1726 3568 Oueternm
1741 3502 1817 3586 quia
1837 3509 1870 3569 et
1890 3520 2078 3569 eoronam
2099 3501 2184 3569 ius-

191 3586 292 3654 tanda
312 3598 381 3654 estr
411 3590 487 3671 quia
508 3586 677 3672 eleganter
698 3586 835 3654 nimium
857 3587 973 3654 mortis
992 3586 1164 3652 horrorem
1215 3587 1342 3652 titiae
1374 3592 1415 3650 et
1445 3587 1604 3654 iustum
1631 3586 1810 3656 iudioem
1839 3587 1994 3666 nominat,
2027 3591 2061 3654 et
2090 3587 2185 3655 red·

191 3673 309 3752 elevat,
342 3672 409 3738 vim
443 3681 659 3756 naturamque
690 3672 762 3740 eius
795 3671 979 3740 indioando.
1028 3671 1095 3756 Qut
1126 3673 1166 3739 tt
1214 3669 1338 3738 dendi
1360 3671 1461 3738 verbo
1482 3672 1596 3754 utitur,
1624 3672 1701 3741 bino
1726 3693 1860 3758 operum
1887 3674 2001 3740 merita
2026 3671 2185 3742 adversus

191 3759 278 3826 enim
300 3765 338 3823 ut
359 3762 526 3840 tantopere
547 3766 797 3824 oonsternentur
814 3758 965 3824 homines
986 3757 1027 3822 ad
1049 3778 1163 3842 quam·
1215 3757 1278 3824 Dei
1298 3757 1437 3843 gratim
1460 3766 1619 3825 tonantur
1640 3759 1786 3844 papistae
1800 3758 1985 3826 mouere:
2008 3757 2067 3826 sed
2080 3757 2186 3827 iutilia

191 3845 243 3910 ris
264 3843 379 3909 mortis
403 3841 614 3919 mentionem,
643 3842 708 3908 nisi
728 3844 805 3926 quia
833 3843 868 3908 in
890 3853 994 3910 morte
1020 3842 1165 3929 negitent
1215 3853 1267 3910 est
1297 3843 1444 3927 ipsorum
1475 3846 1725 3929 argumentatio.
1774 3842 1889 3929 Neque
1920 3843 2009 3911 enim
2041 3844 2186 3929 gratuita

190 3927 382 3996 interitum?
437 3926 562 3994 Contra
596 3926 733 4007 Paulus,
771 3927 999 3995 resolutionem
1036 3947 1163 4007 reeens,
1214 3926 1410 4007 iustifioatio,
1442 3942 1526 4014 quae
1547 3928 1643 3997 nobis
1674 3950 1733 4014 per
1763 3927 1861 3996 fidem
1893 3929 2076 4008 ooniertnr‚
2109 3949 2186 3997 oum

192 4018 292 4100 negat
313 4012 478 4081 hominem
499 4011 650 4080 interire:
670 4012 728 4079 sed
742 4013 886 4080 animam
907 4015 1072 4079 tantuma
1092 4032 1164 4079 eor·
1214 4034 1350 4099 operum
1383 4013 1645 4080 remuneratione
1677 4025 1812 4101 pugnat
1863 4014 1958 4098 Quin·
1986 4015 2095 4100 potins
2126 4014 2189 4083 rite

192 4120 270 4185 pore
291 4120 353 4167 sno
381 4097 464 4167 solvi
484 4098 589 4167 dooet
632 4098 741 4184 Atque
761 4097 827 4166 huo
848 4098 925 4164 lauit
945 4098 1030 4182 quod
1051 4118 1164 4166 seeure
1214 4098 1416 4168 eonveninnt
1451 4100 1514 4166 ista
1549 4098 1632 4166 duur
1670 4099 1774 4187 gratis
1812 4099 1983 4168 instifioari
2022 4099 2190 4168 hominem

191 4185 384 4272 pronuntiat
407 4198 569 4270 tempus
590 4184 770 4252 instare:
792 4182 876 4267 quod
892 4183 997 4251 faeere
1011 4203 1078 4251 non
1093 4205 1165 4271 pos·
1215 4183 1340 4253 Christi
1361 4183 1525 4264 musteo.
1548 4192 1581 4251 et
1595 4193 1708 4252 tamen
1725 4205 1860 4270 operum
1875 4185 2056 4255 mereodem
2077 4204 2190 4253 eoram

194 4277 245 4339 set
265 4270 338 4338 eine
364 4272 480 4338 mortis
508 4278 708 4355 oontemptu.
751 4269 961 4354 Quamquam
991 4271 1080 4337 enim
1110 4270 1165 4338 hio
1216 4271 1286 4338 Deo
1315 4269 1504 4337 relaturum.
1556 4270 1641 4337 Nam
1671 4273 1863 4356 simulatque
1892 4291 1955 4338 nos
1982 4272 2017 4337 in
2046 4270 2189 4358 gratiam

192 4357 355 4424 naturalis
383 4361 435 4423 est
456 4357 601 4439 effeetus,
629 4355 683 4442 qni
705 4357 782 4422 exui
811 4355 845 4421 in
868 4364 971 4421 totum
997 4375 1165 4441 nunquam
1215 4357 1338 4440 reoepit
1359 4355 1461 4436 Deus,
1489 4376 1588 4441 opera
1614 4376 1742 4442 quoque
1764 4365 1876 4424 nostra
1896 4365 1992 4443 grata
2013 4357 2122 4439 habet,
2150 4364 2189 4424 ut

236 4449 308 4522 test,
341 4451 378 4509 ut
410 4453 548 4510 mortem
581 4442 723 4528 refugiet
753 4440 851 4507 homo
884 4449 983 4526 atque
1014 4441 1165 4508 horreatr
1238 4441 1360 4508 raemio
1375 4460 1502 4526 quoque
1517 4440 1606 4530 (lieet
1619 4441 1780 4528 indebito)
1795 4442 1958 4528 dignetur.
1980 4440 2189 4527 Quamquam

192 4461 258 4595 iia
288 4535 397 4595 tamen
428 4527 609 4596 rinoendus
637 4535 687 4595 est
714 4539 822 4594 metus
851 4525 914 4605 ille,
943 4547 984 4593 ne
1010 4525 1167 4613 impediat
1215 4464 1266 4593 iis
1291 4524 1345 4594 hio
1372 4525 1614 4595 hallueinantur
1642 4529 1802 4613 papistae:
1831 4527 2083 4613 primumquod
2111 4528 2189 4596 inde

192 4613 364 4766 mim
400 4612 588 4681 obedienter
619 4612 697 4680 bino
732 4611 910 4697 migremm
946 4612 1071 4696 quoties
1105 4632 1165 4679 nos
1216 4611 1375 4697 eolligunt
1406 4613 1479 4679 ideo
1512 4632 1572 4680 nos
1604 4612 1712 4681 Deum
1750 4613 1944 4699 promereri,
1980 4613 2059 4698 quia
2093 4611 2188 4680 liberi

306 4699 482 4767 voraverit
1216 4698 1319 4764 nostri
1349 4697 1476 4764 arbitrii
1505 4699 1626 4766 rirtme
1654 4699 1739 4766 bene
1766 4719 1918 4784 egamm:
1951 4696 2069 4766 deinde
2102 4697 2189 4784 quod

279 4783 310 4852 l.
334 4783 634 4854 hemmenam
671 4781 759 4866 Quia
773 4781 829 4850 vul
889 4782 974 4850 solet
987 4803 1029 4849 ex
1043 4790 1165 4850 eventu
1216 4782 1325 4849 Deum
1348 4783 1442 4850 nohis
1457 4782 1592 4868 perinde
1607 4783 1825 4870 obstringunt,
1847 4805 1886 4852 ao
1903 4785 1931 4852 si
1945 4783 2041 4852 nobis
2055 4782 2189 4851 aliunde

192 4867 264 4936 heri
279 4869 445 4951 indieium,
459 4877 586 4954 poterat
600 4867 750 4936 damnari
764 4866 1049 4948 Panioertamen,
1064 4887 1165 4952 quum
1214 4889 1312 4953 quam
1344 4888 1386 4935 ex
1416 4868 1489 4934 eins
1516 4870 1623 4954 mua
1651 4869 1740 4938 salus
1771 4879 1942 4938 oonstaret.
1986 4868 2089 4954 Atqui
2121 4890 2189 4937 non

193 4954 303 5022 minus
325 4973 459 5039 prosper
480 4962 565 5022 esset
584 4955 703 5022 exitus.
742 4952 821 5020 Ideo
841 4953 942 5021 iaetat
962 4953 1164 5039 praeolarum
1272 4953 1363 5020 uitur
1384 4952 1493 5021 Denrn
1523 4953 1615 5022 nobis
1641 4953 1818 5040 quidquam
1840 4955 1966 5036 debere,
1998 4955 2076 5040 qnia
2102 4956 2189 5023 inste

194 5061 275 5122 esse,
306 5038 532 5125 qualeounque
560 5039 710 5109 rideatur
739 5037 871 5107 mundo.
916 5039 1011 5123 Quae
1039 5038 1165 5126 praedi·
1273 5039 1330 5107 dat
1356 5039 1443 5125 quod
1471 5038 1590 5106 reddit.
1632 5040 1744 5109 Iustus
1765 5040 1853 5108 enim
1876 5051 1925 5109 est
1952 5039 2053 5107 etiam
2084 5043 2189 5128 gratis

193 5127 278 5194 ontio
308 5124 447 5194 eximiae
474 5125 552 5194 ddei
581 5125 803 5195 testimonium
835 5133 895 5194 est.
939 5125 1053 5211 Neque
1074 5125 1164 5194 enim
1213 5124 1453 5193 beneiaeiendo.
1498 5124 1544 5193 ut
1570 5124 1679 5195 reddit
1699 5148 1796 5213 qnam
1825 5126 1976 5213 promisit
1996 5126 2189 5206 mammem,

194 5221 321 5282 tentum
354 5211 453 5281 miser
480 5210 661 5282 habebatur
681 5212 804 5281 Paulus
833 5211 980 5280 omnium
1001 5211 1164 5298 opinione,
1215 5232 1281 5281 non
1310 5210 1395 5298 qnod
1424 5211 1490 5279 ullo
1516 5210 1624 5299 ipsum
1652 5213 1806 5300 obsequio
1835 5212 2097 5299 praeveniamus,
2130 5211 2188 5280 sed

1928 5330 1983 5399 ιδ’.
