4762 6016
1027 1506 1371 1579 haumarum.

1123 1735 1276 1747 ---.--..

278 1905 376 1975 Hano
399 1904 571 1990 epistolam
593 1904 732 1972 aliorum
755 1905 860 1992 magia
903 1924 980 2006 uam
1001 1902 1171 1970 'limothei
1224 1904 1400 1988 praedieat.
1451 1904 1599 1974 Tandem
1632 1915 1732 1991 eaput
1764 1907 1931 1976 ooneludit
1959 1867 2216 1995 ςιιιὶσᾶιιιιιιι·Ι

188 2014 291 2062 eausa
317 1993 474 2076 seriptum
504 1991 605 2059 tuisse
631 1989 753 2059 iudioo:
781 1998 817 2058 et
845 1922 928 2057 mhu
949 1991 1171 2058 assentientur
1224 1991 1375 2071 tiatiom,
1407 2011 1472 2076 qua
1508 2002 1542 2058 et
1580 1991 1791 2059 'llimotheum
1821 1993 1856 2060 in
1886 2015 1969 2062 sana
1997 1994 2147 2064 doetrina
2173 2004 2214 2064 et

191 2080 248 2164 qui
280 2079 453 2180 diligenter
485 2077 599 2145 omnia
630 2076 857 2163 expenderint.
913 2075 986 2143 Non
1019 2075 1171 2161 equidem
1223 2075 1308 2142 bona
1322 2077 1521 2144 oonsoientia
1540 2079 1727 2144 ooniirmat:
1749 2089 1785 2145 et
1805 2078 1887 2147 alios
1909 2088 2020 2163 terret,
2042 2083 2210 2166 proposito

193 2161 1172 2348 {tittttttttl‘litttt‘tttttlttlttt
1223 2161 1691 2333 ssi'l‘llld‘tflffiil.
1705 2163 2207 2335 ttttluitttitltt:

192 2356 434 2422 supervaouum
457 2336 571 2402 luisset
592 2334 745 2416 seribere,
767 2336 795 2401 ai
817 2354 893 2402 oum
915 2333 984 2401 solo
999 2333 1171 2399 Timotheo
1223 2344 1256 2400 et
1284 2336 1480 2400 nominatim
1509 2336 1673 2420 prinoipea
1700 2357 1739 2403 ao
1761 2337 1988 2421 magistratus:
2021 2338 2077 2404 ubi
2099 2336 2207 2406 obiter

193 2421 362 2490 habuisset
375 2423 551 2508 negotium.
589 2421 727 2488 Iuvenis
747 2429 829 2504 erat,
851 2419 998 2487 nondum
1020 2439 1059 2485 aa
1080 2426 1171 2485 auto·
1223 2420 1323 2486 etiam
1352 2421 1486 2506 attingit
1514 2420 1594 2504 quid
1622 2421 1776 2489 utilitatis
1802 2422 1962 2506 pereipiat
1990 2422 2134 2492 mundus
2160 2445 2206 2490 ex

192 2509 290 2577 ritate
311 2510 491 2576 instruetur
521 2527 604 2592 qnae
625 2507 790 2575 sustineret
819 2507 861 2571 ad
892 2505 1091 2572 oohibendos
1114 2505 1171 2569 ho·
1222 2505 1311 2573 oivili
1333 2506 1579 2591 gubernatione.
1626 2506 1696 2574 Our
1716 2514 1828 2573 antem
1857 2528 1917 2592 pro
1945 2507 2099 2575 omnibns
2126 2530 2205 2577 oon·

190 2595 298 2661 minsa
329 2602 499 2679 protervos
527 2594 585 2679 qni
612 2601 725 2660 oonha
753 2593 971 2676 insurgerent.
1023 2592 1172 2675 Apparet
1222 2591 1289 2676 aipi
1311 2591 1452 2659 debeant
1470 2611 1594 2677 praees,
1614 2594 1699 2660 ratio
1720 2591 1862 2678 additur,
1885 2596 1963 2678 quia
1989 2593 2083 2662 Deus
2104 2615 2207 2662 erau-

194 2689 306 2747 antem
334 2701 377 2747 ex
399 2679 496 2745 Pauli
523 2680 648 2759 verbis,
676 2679 776 2745 luisse
804 2685 886 2744 tuno
915 2675 1092 2744 nonnullos
1114 2677 1171 2760 qui
1223 2676 1346 2761 galium
1368 2677 1519 2746 omnibus
1540 2677 1708 2745 offerendo
1729 2687 1763 2745 et
1783 2677 1956 2746 Ohristum
1978 2679 2204 2762 mediatorem,

193 2787 294 2852 quum
329 2765 548 2833 ostentatione
580 2764 755 2849 pollerent,
796 2783 861 2830 nou
893 2763 1033 2829 libenter
1065 2762 1171 2830 ouiris
1222 2783 1337 2830 omnes
1351 2784 1387 2830 se
1404 2762 1489 2831 velle
1510 2763 1621 2831 salvos
1642 2765 1714 2831 fieri
1735 2764 1946 2833 demonstret
1984 2765 2081 2848 Quod
2102 2768 2205 2836 etiam

193 2855 290 2918 erant
303 2852 446 2920 oeaauri:
467 2851 525 2935 qui
540 2861 632 2916 tanta
646 2848 765 2916 deinde
781 2849 958 2915 ambitione
975 2847 1170 2934 flagrabant,
1222 2848 1395 2914 oonfirmat
1427 2870 1447 2914 a
1478 2870 1537 2917 auo
1569 2850 1772 2935 apostolatu,
1805 2853 1862 2934 qui
1890 2852 2045 2936 gentibus
2073 2854 2205 2938 proprie

193 2948 232 3003 ut
253 2938 382 3004 nullum
405 2936 591 3004 turbandae
612 2936 767 3004 eooleaiae
788 2937 890 3001 finem
911 2935 1029 3003 iaeturi
1050 2943 1170 3018 essem,
1223 2932 1406 3001 destinatus
1428 2944 1508 3002 erat
1553 2936 1637 3003 Inde
1657 2956 1781 3015 omnes,
1806 2937 2029 3021 ouiusounque
2050 2940 2120 3005 sint
2140 2940 2204 3007 looi

192 3024 259 3091 nisi
281 3023 445 3108 quispiam
466 3023 570 3089 maior
584 3021 756 3089 Timotheo
778 3042 814 3088 ae
834 3021 1067 3104 interponeret
1101 3020 1132 3084 Δ
1222 3030 1280 3086 aut
1312 3022 1469 3106 mgiouie,
1504 3021 1545 3088 ad
1576 3023 1682 3089 Deum
1715 3020 1875 3088 orandum
1906 3023 2042 3089 inritat:
2075 3032 2110 3090 et
2141 3027 2204 3094 hao

193 3119 288 3195 paret
320 3109 486 3186 similiter,
519 3107 621 3174 multa
653 3106 776 3192 Ephesi
809 3107 911 3173 inisse
942 3106 1127 3173 oonetitnen
1222 3107 1390 3174 oooasione
1404 3107 1536 3191 qualem
1551 3107 1744 3174 modestiam
1759 3116 1792 3174 at
1807 3108 2044 3177 subieotiouem
2059 3109 2094 3174 in
2110 3130 2205 3178 sauro

191 3215 276 3279 quae
296 3196 395 3262 Pauli
422 3193 582 3262 oaloulum
605 3203 639 3262 at
660 3215 780 3261 nomen
802 3192 1035 3259 desiderarent.
1080 3191 1171 3276 Ergo
1223 3199 1318 3259 ooetu
1340 3214 1419 3278 prae
1441 3214 1477 3259 ae
1498 3193 1583 3260 ferre
1606 3192 1746 3260 debeant
1768 3194 1931 3276 mulieres,
1954 3194 2095 3262 diamrit
2136 3196 2202 3264 Oa-

192 3301 293 3366 qunm
314 3280 524 3348 Timotheum
553 3279 666 3348 multia
695 3280 736 3346 de
759 3279 858 3346 rebus
879 3298 1014 3345 monere
1034 3275 1171 3343 haberet
1223 3280 1289 3361 pite
1305 3278 1409 3357 tertio,
1433 3279 1490 3346 nbi
1505 3279 1664 3345 indioarit
1678 3299 1777 3364 qnam
1792 3281 1996 3364 praeolarnm
2014 3281 2059 3347 eit
2080 3300 2203 3351 munus

192 3367 226 3433 in
259 3368 382 3446 enimn,
419 3367 481 3434 sub
513 3366 585 3435 eius
616 3386 744 3450 quoque
775 3367 908 3431 nomine
941 3363 1023 3430 alios
1055 3361 1170 3428 eadem
1222 3365 1443 3447 episoopatus‚
1476 3385 1593 3431 verum
1625 3366 1813 3450 episeopum
1846 3365 1944 3450 depin
1969 3368 2009 3450 ἰ,
2042 3388 2081 3434 ao
2110 3369 2204 3437 dotes

187 3473 291 3537 opera
312 3473 445 3521 monere
467 3453 584 3521 voluit.
635 3454 685 3518 Ao
706 3451 812 3537 primo
834 3449 966 3534 quidem
988 3450 1093 3533 eapite
1115 3448 1171 3514 ad-
1222 3460 1394 3516 enumerat
1422 3453 1569 3535 quaein
1598 3471 1637 3516 eo
1666 3451 1887 3536 requiruntur.
1969 3462 2060 3519 oeteo
2089 3454 2205 3538 quales

192 3559 307 3606 versus
335 3540 492 3624 quosdam
517 3538 705 3605 ambitiosos
726 3545 849 3620 armat,
878 3538 935 3621 qui
958 3537 1051 3603 ranis
1071 3555 1169 3619 quae·
1221 3555 1293 3602 ease
1321 3534 1461 3602 debeant
1490 3536 1617 3605 diuooni
1648 3543 1683 3603 et
1712 3558 1831 3604 uxorea
1858 3548 1928 3602 tam
1961 3539 2080 3604 horum
2103 3561 2204 3624 qnam

189 3622 815 3711 stionibuaagitaudiaserenditabant.
844 3620 1169 3706 anporroludaeos
1220 3621 1350 3688 illorum
1389 3622 1592 3704 praesoribit.
1658 3624 1707 3688 Ao
1739 3643 1803 3706 quo
1858 3623 1910 3688 lua
1942 3622 2131 3708 diligentiae
2164 3647 2204 3692 ao

188 3711 409 3797 fuiaaeoolligi
425 3719 542 3794 potest,
557 3711 735 3796 qui‚quum
750 3708 951 3793 legis[aelnm
965 3707 1168 3785 simularent,
1220 3707 1390 3792 religionis
1421 3708 1455 3774 in
1484 3709 1636 3775 omnibus
1665 3644 1877 3776 observandis
1907 3707 2062 3775 adhibeat
2090 3711 2202 3776 Timo·

194 3797 345 3881 negleota
362 3795 596 3876 aodidoatione,
618 3804 746 3860 tantum
764 3794 909 3860 curiosas
931 3792 1169 3875 disputationes
1221 3793 1328 3873 thena,
1349 3791 1477 3859 reduoit
1491 3793 1540 3858 illi
1558 3795 1594 3860 in
1612 3794 1802 3861 memoriam
1824 3791 1902 3878 quid
1923 3794 1969 3861 sit
1988 3796 2025 3859 in
2047 3797 2202 3864 eooleaiae

194 3883 396 3968 ingerebant
441 3881 534 3949 Haeo
563 3891 673 3948 autem
701 3880 883 3962 profanatio
913 3889 965 3946 eet
993 3879 1077 3963 legia
1104 3876 1168 3943 Dei
1221 3877 1516 3959 ⁸(ministratione,
1550 3899 1633 3964 qnae
1666 3879 1784 3947 domna
1810 3879 1874 3945 Dei
1896 3889 1947 3947 est
1976 3900 2015 3947 ao
2047 3881 2203 3950 nolumua

193 3970 329 4034 minime
345 3969 490 4052 ferenda,
513 3990 556 4033 er
576 3988 616 4034 ea
638 3965 720 4031 nihil
743 3985 918 4049 exoerpere
941 3963 1027 4047 quod
1049 3963 1167 4047 prosit:
1223 3965 1381 4047 veritatis,
1403 3964 1538 4031 versari.
1578 3965 1727 4032 Tandem
1741 3966 1844 4032 totius
1861 3965 2011 4032 ooeleetie
2032 3966 2202 4034 doetrinae

192 4055 251 4122 sad
287 4065 417 4122 tautum
448 4051 615 4140 garriendi
646 4051 819 4117 materiam
851 4059 997 4134 captare,
1029 4051 1169 4136 eiusque
1221 4051 1430 4133 praeeipuam
1451 4061 1549 4135 eaput
1570 4061 1605 4117 et
1625 4052 1718 4134 quasi
1739 4050 1906 4119 oardinem
1929 4050 1970 4118 de
1990 4051 2059 4118 tilio
2079 4052 2144 4119 Dei
2165 4059 2202 4121 in

193 4150 366 4224 praetextu
398 4139 440 4206 ad
473 4136 675 4206 onerandam
708 4137 834 4204 frivolis
867 4137 965 4221 nugis
998 4134 1168 4201 eoelesiam
1220 4155 1319 4202 earne
1351 4135 1559 4203 manifestato
1589 4147 1840 4204 oommemorat:
1873 4157 1952 4221 prae
1981 4158 2045 4222 quo
2074 4139 2201 4224 reliqua

192 4227 292 4293 abuti.
347 4226 539 4294 Uniusmodi
569 4224 662 4292 soilet
682 4222 869 4308 eorruptala
889 4220 1039 4306 pluribus
1070 4238 1168 4303 quam
1219 4222 1338 4299 omnia,
1354 4222 1473 4304 quibus
1487 4222 1565 4289 eolis
1580 4223 1750 4289 immorari
1771 4223 1904 4291 videbat
1923 4224 2074 4290 homines
2091 4234 2201 4293 osten·

190 4330 213 4376 o
256 4313 337 4379 rtuit
368 4314 506 4381 aaooulia
540 4309 691 4396 regnarit
722 4309 757 4373 in
790 4317 921 4393 papatu.
967 4305 1057 4388 Quid
1079 4307 1168 4372 enim
1221 4308 1339 4373 tationi
1366 4306 1510 4392 deditos,
1538 4309 1626 4374 levia
1654 4307 1805 4376 duoenda
1832 4310 1908 4375 sint.
1952 4307 2024 4373 Iam
2048 4310 2135 4395 quod
2157 4312 2201 4379 ad

224 4399 279 4464 ind
312 4400 375 4465 luit
407 4399 601 4466 aoholaatioa
633 4394 810 4479 theologia,
842 4414 938 4476 quam
971 4394 1167 4458 immensum
1220 4394 1390 4476 sequentia
1420 4395 1577 4477 pertinet,
1606 4394 1700 4460 initio
1729 4396 1843 4480 eapitis
1873 4395 1981 4477 quarti
2008 4404 2076 4461 tam
2100 4397 2201 4465 falsas

191 4483 341 4550 inanium
371 4494 405 4551 et
432 4484 529 4550 nihili
557 4479 817 4567 sperulationum
846 4477 966 4547 ohaoe‘l
1008 4491 1041 4542 et
1071 4477 1167 4544 hodie
1220 4479 1385 4546 doetrinae
1400 4478 1441 4545 de
1457 4481 1598 4566 ooniugii
1622 4488 1656 4546 et
1676 4480 1823 4548 oiborum
1846 4479 2076 4565 prohibitione,
2098 4503 2199 4567 quam

190 4579 326 4636 exstant
342 4570 499 4654 plerique,
519 4569 585 4653 qui,
607 4576 645 4634 nt
659 4585 799 4633 eoumen
819 4585 916 4632 sunm
938 4573 1113 4642 ostentent,
1132 4565 1167 4628 in
1219 4565 1349 4649 ineptas
1381 4564 1508 4632 tabulas
1539 4585 1616 4632 oum
1646 4565 1707 4634 hoo
1734 4566 1840 4649 eapite
1882 4585 1949 4631 non
1978 4579 2200 4668 oongrnentee

191 4655 361 4723 traotando
376 4654 440 4722 Dei
456 4654 555 4722 verbo
576 4673 644 4720 nou
670 4671 764 4720 aeona
786 4672 824 4719 ae
846 4652 881 4717 in
904 4651 1041 4734 prolana
1063 4649 1168 4732 philo·
1191 4618 1194 4775 Ι
1218 4672 1333 4717 severe
1360 4651 1505 4718 damnat
1550 4652 1596 4718 Et
1624 4651 1741 4718 deinde
1768 4650 1900 4718 aubiioit
1920 4671 1976 4718 eos
1996 4652 2059 4718 aibr
2081 4664 2115 4720 et
2136 4655 2200 4738 piis

190 4741 306 4825 sophia
339 4740 451 4809 ludere
478 4741 540 4808 sibi
568 4740 776 4825 permittunt.
831 4737 872 4803 In
900 4734 1061 4803 eiusmodi
1088 4735 1167 4800 vitio
1191 4780 1193 4785 -
1218 4736 1379 4816 omuibus,
1394 4738 1450 4820 qui
1464 4746 1565 4823 eaput
1578 4737 1639 4803 hoo
1655 4744 1778 4817 tenent,
1797 4735 1883 4804 solos
1900 4757 1973 4804 ease
1990 4737 2201 4807 adversarios

189 4827 398 4913 ooarguendo
418 4836 566 4894 autorem
589 4845 625 4891 ee
639 4824 813 4890 Timotheo
834 4824 1008 4907 profitetur
1024 4819 1167 4887 Paulus:
1219 4822 1277 4905 qui
1314 4823 1398 4889 ferre
1432 4834 1599 4907 nequeunt
1632 4832 1670 4890 ut
1702 4843 1777 4907 spos
1809 4823 1985 4890 oollooetur
2018 4824 2054 4889 in
2088 4825 2200 4892 Deum

189 4925 223 4980 et
252 4912 393 4997 quidex
415 4914 447 4980 le
509 4911 684 4998 praeeipne
705 4909 897 4976 diaoendum
920 4909 972 4987 ait,
999 4906 1166 4973 admonet:
1219 4908 1345 4973 rivum.
1396 4907 1438 4972 In
1467 4911 1532 4974 fine
1560 4909 1676 4993 eapitis
1705 4927 1821 4976 rursus
1850 4929 1937 4975 nova
1967 4909 2199 4979 exhortatione

189 5009 226 5064 ut
262 5007 419 5084 appareat
467 5000 537 5084 egis
569 5017 640 5064 esse
672 5006 880 5079 oorruptores
911 4994 968 5078 qui
1002 5014 1042 5059 ea
1073 5010 1167 5059 seona
1191 4990 1194 5059 l
1219 4993 1428 5059 Timotheum
1443 4995 1623 5060 oonfirmat
1657 4993 1781 5076 Quinto
1796 4995 1913 5079 eapite,
1934 4994 1990 5060 ubi
2005 4996 2201 5065 modoetiam

187 5092 335 5153 utuntur.
387 5085 493 5152 Porro
525 5104 568 5150 ne
599 5083 800 5165 oontemptui
833 5082 876 5148 ait
908 5101 968 5146 sua
997 5079 1165 5156 autoritas,
1218 5080 1254 5143 in
1283 5080 1592 5163 reprehensionibus
1623 5089 1657 5145 et
1682 5081 1851 5148 lenitatem
1873 5081 1923 5147 illi
1944 5084 2200 5163 oommeudarit,

185 5181 360 5260 postquam
390 5169 621 5256 indignitatem
649 5187 742 5235 suam
773 5168 941 5234 oonteaeus
970 5179 1034 5248 est,
1067 5163 1166 5264 simul
1190 5093 1194 5233 Ι
1219 5163 1260 5230 de
1289 5165 1402 5265 yiduis
1435 5166 1597 5251 disputat,
1631 5186 1713 5250 quae
1745 5177 1823 5235 tuno
1852 5166 1887 5233 in
1916 5166 2073 5236 eooleaiae
2102 5171 2201 5236 mini-

185 5259 293 5345 qualis
325 5277 397 5325 ease
429 5255 573 5338 eoeperit
604 5273 664 5337 per
696 5252 760 5318 Dei
792 5254 949 5338 gratiam,
988 5251 1165 5317 hononfioe
1190 5246 1193 5327 l
1218 5259 1355 5317 starium
1384 5252 1630 5337 oooptabantur.
1674 5253 1725 5322 Ao
1753 5261 1845 5322 vetat
1872 5273 1989 5320 omnes
2015 5257 2204 5340 promisoue

1943 5371 1997 5440 16!
