4740 6016
164 349 228 418 203
835 342 978 411 ΕΡΙΒΤ.
1001 334 1144 413 P'AULI
1166 344 1229 413 AD
1252 342 1483 414 ernestos
2101 342 2180 414 204¹

150 541 396 609 vmnnieatieniu
424 539 586 620 studium,
617 542 655 604 nt
680 538 806 622 placide
834 538 931 605 simul
961 539 1141 622 prefieient.
1193 547 1270 605 eunt
1292 538 1480 619 illuminati,
1511 541 1689 609 vanitatem
1718 542 1836 609 sectari
1865 551 1899 610 et
1916 541 2013 610 'nihil
2032 543 2173 612 differre

168 628 222 696 Sie
241 648 324 712 erqo
351 632 457 693 ardore
483 625 586 711 Paule
613 623 753 692 debendo
782 628 826 691 est
849 625 933 691 ratio
960 630 1141 709 ιοιιιιιιιιιι,
1192 625 1233 691 ιι)
1272 624 1458 695 infidelibus
1497 638 1531 695 et
1568 627 1689 706 eaeeis,
1728 629 1852 713 quibua·
1888 628 1980 696 nulla
2019 650 2169 714 unquam

165 736 204 780 se
230 715 352 781 intereo
378 713 562 798 nepliputer.
578 711 704 792 seiles,
733 711 780 777 uel
807 731 844 776 ee
865 711 980 778 emisse
1008 712 1089 778 ieter
1108 731 1142 777 ee
1192 711 1317 778 effulsit
1346 712 1404 778 lux
1427 713 1593 780 veritatie:
1624 713 1722 782 nimie
1750 713 1928 781 absurdum
1952 726 2012 782 est.
2057 714 2171 799 Quare

165 800 306 868 homiues
331 819 394 883 pre
420 819 477 865 sue
504 794 635 883 arbitrie
662 797 847 880 conspirent.
896 796 962 878 Quo
989 796 1141 878 refellitur
1191 797 1307 864 merito
1324 799 1601 889 exsuperioribus
1619 800 1783 867 eenoludit
1805 803 1925 867 etrite
1940 800 2167 868 demonstrent

163 887 365 971 pupistemm
385 885 577 967 improbitas,
599 882 675 950 dant
690 881 868 966 posthabito
893 881 957 948 Dei
974 881 1063 950 uerbo
1084 902 1142 950 noe
1191 902 1226 949 se
1257 904 1322 948 non
1355 883 1477 950 frustra
1494 883 1630 953 Christi
1663 886 1762 952 luisse
1794 885 1979 969 disoipules.
2008 887 2072 952 *lte
2102 906 2169 971 qno

166 974 210 1041 ud
230 992 292 1040 eeu
306 972 428 1054 placito
448 970 572 1054 adque
592 967 780 1035 eoeteudeerl⁸
1191 967 1266 1051 plus
1285 969 1511 1037 vehementiae
1534 969 1654 1040 habeut
1674 971 1870 1052 exhortatio,
1890 979 2095 1039 oenteetatnr
2112 993 2169 1040 ees

254 1059 305 1124 16.
339 1055 394 1122 Ee
413 1076 475 1139 quo
496 1060 601 1123 ιοιιιιιι.
647 1053 782 1205 offitium
810 1052 934 1119 ratione
956 1054 1139 1136 eontirmat,
1192 1074 1250 1137 per
1263 1074 1383 1120 nemen
1399 1052 1479 1121 bei:
1502 1068 1539 1121 ut
1560 1057 1665 1124 seiant
1686 1057 1860 1141 aliquunde
1878 1053 2078 1124 reddendam
2095 1078 2174 1126 esse

167 1152 278 1210 nostra
310 1140 420 1208 emnia
452 1142 655 1208 incrementa
712 1161 752 1205 uo
784 1139 902 1205 debere
929 1140 1073 1220 tendere,
1103 1149 1141 1205 ιι
1192 1138 1352 1206 rationem
1375 1139 1402 1206 si
1424 1142 1687 1226 eentempserint.

168 1230 268 1295 altius
313 1226 491 1294 revehatur
512 1225 638 1293 Christi
660 1224 782 1309 glorie:
812 1226 964 1308 quonium
993 1226 1063 1307 ipse
1080 1235 1140 1310 ιιι,
1279 1225 1544 1308 Quemadmodum
1564 1232 1592 1293 et
1612 1228 1751 1312 reliqum
1760 1233 1874 1313 pentes.
1913 1227 2078 1313 iutelligit
2098 1248 2168 1312 ees,

243 1248 1059 1466 rit!
1191 1309 1683 1466 ιιιιι...
2020 1314 2170 1468 tte

166 1422 241 1467 ιιι
486 1445 494 1475 ,
651 1421 661 1462 ι
1073 1419 1094 1463 ι
1654 1432 1657 1438 -
1740 1421 1772 1466 ιιι
1791 1419 1986 1467 -ιιιιιιιιιιι
2074 1414 2078 1419 ’
2137 1420 2170 1467 ιι

167 1487 339 1570 possimne.
368 1480 649 1565 Quemadmodum
672 1417 818 1549 enimpex
842 1482 949 1548 rediee
970 1480 1140 1548 humorem
1191 1417 1415 1565 resspie'eeriiio,
1433 1504 1539 1567 quam
1567 1420 1755 1552 nereum
1785 1487 1908 1553 similes
1939 1488 2003 1552 siat
2029 1485 2170 1570 perditis

167 1571 258 1640 duait
287 1580 355 1636 tete
377 1569 489 1636 arbor:
523 1569 569 1634 itu
594 1566 752 1653 quidquid
782 1567 939 1634 habemus
960 1567 1092 1652 vigoris,
1121 1587 1141 1633 a
1191 1577 1222 1634 et
1240 1569 1402 1635 ᾶιιιιιιιιίι
1411 1569 1603 1637 homiuibus:
1624 1591 1662 1637 ue
1678 1572 1709 1638 si
1725 1572 1849 1649 ιιιίινιι,Ι
1872 1571 2007 1653 Munere,
2024 1576 2055 1638 el
2071 1591 2169 1655 quum

168 1657 301 1724 Christo
332 1658 433 1722 fluere
467 1654 561 1720 nobie
594 1655 697 1721 dooet.
741 1653 867 1718 Verum
901 1653 980 1741 tria¹
998 1653 1143 1719 notanda
1191 1654 1301 1720 merite
1321 1653 1466 1733 horretis,
1486 1656 1627 1722 oliorum
1646 1659 1784 1742 pestium
1805 1659 1938 1725 conditio
1958 1677 2016 1724 uos
2035 1658 2169 1725 udm-

167 1753 254 1811 sunt.
298 1743 459 1823 Primum,
482 1739 563 1805 illud
582 1739 667 1824 qued
690 1738 768 1816 dixi,
787 1737 943 1823 quidquid
967 1738 1065 1806 vitule
1091 1744 1142 1806 est
1193 1739 1324 1805 tendam
1352 1741 1512 1825 ingenium
1533 1743 1646 1809 incitet.
1690 1741 1773 1809 Vult
1793 1758 1872 1828 erge
1892 1743 2025 1810 differre
2053 1743 2095 1809 ab
2117 1746 2169 1809 in·

167 1843 226 1895 ant
246 1827 376 1895 salubre
397 1826 481 1911 qnod
505 1847 563 1910 per
583 1825 730 1892 membru
748 1824 921 1910 spargitur,
944 1826 977 1892 id
1001 1825 1141 1908 eoepite
1193 1824 1335 1891 erudelis
1349 1825 1475 1892 fideles:
1496 1836 1529 1892 et
1550 1847 1663 1895 esusus
1677 1827 1873 1895 dieeriminia
1889 1829 2035 1913 opponit,
2056 1850 2171 1912 quem·

168 1934 317 1980 munere:
341 1922 378 1977 ut
400 1913 434 1977 in
451 1913 607 1978 membris
628 1910 709 1976 nihil
730 1911 773 1977 sit
790 1918 920 1993 praeter
935 1911 1141 1977 administru-
1193 1910 1367 1977 admodum
1404 1913 1597 1980 videbimus.
1650 1914 1746 1996 Quod
1787 1915 1829 1980 ad
1868 1915 1992 1998 priores
2030 1925 2170 1997 speetet,

170 2003 301 2069 tionem.
346 1998 544 2072 Seeundum,
577 1996 662 2081 quod
695 1997 768 2063 telis
802 1997 846 2060 sit
877 1996 1072 2079 distributio,
1105 2004 1141 2060 ut
1193 2004 1337 2062 mentem
1367 2018 1478 2064 eorum
1509 1999 1642 2065 demeat
1664 2001 1830 2067 vanitatis.
1877 1999 1980 2065 Perre
2008 2001 2169 2066 memine-

167 2087 254 2152 inter
277 2104 312 2153 se
334 2085 572 2152 communiente
594 2104 676 2166 epus
694 2081 838 2148 habeant
860 2094 993 2166 prepter
1014 2084 1141 2148 finitam
1192 2081 1295 2147 rimus
1318 2103 1394 2148 eum
1416 2085 1614 2167 generaliter
1632 2086 1719 2169 loqui
1738 2084 1954 2165 deemnibne,
1968 2086 2025 2169 qui
2048 2085 2169 2167 spiritu

168 2166 1142 2338 ttltttttttttmtltlt,etti“ttttffitt‘t
1192 2167 1482 2337 iblimlillli
1512 2186 1706 2340 ”ittet
1723 2173 2171 2323 ,lfflttffllh'ttt

167 2345 273 2428 eapite
301 2363 359 2427 per
387 2341 542 2419 membra,
580 2355 734 2423 tanquam
763 2361 821 2423 per
850 2340 989 2423 uenales,
1019 2339 1141 2407 submi·
1193 2339 1228 2404 in
1251 2340 1391 2406 hominis
1414 2343 1495 2424 vitn,
1523 2363 1606 2426 quue
1632 2342 1726 2410 sedes
1754 2278 1972 2420 eirqrationis,
2002 2361 2086 2426 quae
2108 2363 2171 2407 vo·

169 2430 301 2497 nistreri
324 2426 481 2511 quidquid
511 2426 649 2493 fovendo
675 2426 804 2508 eerperi
834 2427 1051 2492 neeemerium
1081 2435 1140 2491 est
1193 2424 1314 2490 lunteti
1335 2427 1449 2511 praeit,
1473 2449 1555 2509 quue
1570 2429 1886 2513 vitiesoeappetitus
1906 2426 2171 2494 eoeroet..Unde

168 2515 258 2582 Dieit
291 2515 368 2580 item
402 2533 518 2597 eorpus
552 2520 630 2578 tune
659 2511 790 2577 demum
819 2522 972 2595 vegetum
1006 2532 1075 2577 esse
1108 2518 1141 2575 et
1193 2521 1226 2576 et
1254 2512 1368 2596 regina
1395 2514 1494 2578 etiam
1525 2535 1544 2578 ι
1570 2515 1748 2581 sorbonieis
1781 2513 2014 2599 theologastris
2040 2532 2170 2581 uuneu·

169 2612 259 2670 reete
274 2600 396 2681 velere,
411 2600 439 2664 si
454 2619 639 2666 eennexum
657 2598 710 2662 sit.
739 2597 914 2664 Praeterea
936 2606 1060 2664 eertum
1073 2618 1142 2661 mo·
1193 2606 1300 2678 patur.
1344 2601 1391 2663 At
1424 2619 1501 2664 vero
1533 2599 1659 2666 Paulus
1693 2600 1775 2665 nihil
1813 2599 1861 2664 illi
1894 2599 2056 2684 reliquum
2091 2601 2171 2666 fauit

167 2688 244 2754 dum
267 2687 417 2752 attribuit
436 2685 609 2767 unieuique
632 2684 787 2752 membre.
825 2683 950 2750 Ultimo
972 2683 1066 2750 deoet
1088 2703 1140 2748 ee·
1194 2692 1324 2764 praeter
1355 2685 1545 2750 vanitatem.
1594 2685 1698 2767 Quasi
1733 2687 1830 2751 etiem
1860 2706 1980 2768 parum
2013 2704 2170 2768 expresse

168 2776 264 2840 ritate
281 2771 445 2838 oedifieeri
468 2770 647 2837 eoelesiam.
1194 2769 1349 2850 loquutus
1379 2770 1472 2852 leret,
1506 2770 1606 2838 filiam
1637 2770 1874 2838 eiua-treverae
1904 2769 2009 2836 nihile
2031 2770 2170 2837 meliore

253 2858 296 2923 Ιιι
322 2857 568 2939 aedificationem
596 2856 650 2922 eet
676 2854 763 2938 feeit.
810 2852 983 2939 signifieat
1015 2854 1141 2920 nullum
1195 2855 1290 2920 titulo
1327 2857 1472 2939 insignit
1523 2855 1581 2924 Sio
1617 2859 1705 2924 enim
1741 2859 1937 2941 interpreter
1972 2857 2036 2922 hee
2072 2876 2169 2923 voea-

167 2961 239 3011 esse
265 2942 345 3010 utile
375 2954 589 3010 uomentem
621 2941 685 3007 nisi
713 2940 799 3025 qued
830 2941 984 3008 universe
1014 2940 1156 3023 eorpori·
1196 2941 1316 3007 bulum.
1372 2942 1456 3008 Nam
1497 2946 1558 3011 etei
1597 2943 1827 3027 eegitntienem
1869 2944 2050 3028 signifieat,
2089 2942 2170 3026 quis

168 3028 375 3113 respondeat.
418 2964 560 3094 innitur
582 3048 660 3113 ergo
683 3028 712 3094 ei
735 3028 808 3111 quis
829 3046 974 3093 seorsum
997 3044 1143 3094 oresoere
1195 3039 1306 3094 tamen
1329 3028 1382 3095 hio
1411 3029 1571 3114 singulari
1594 3048 1729 3095 numero
1751 3029 1892 3111 pesitum
1914 3039 1974 3109 est,
2002 3028 2044 3094 ad
2067 3028 2170 3095 fseul·

168 3116 302 3201 appetit.
332 3113 420 3196 Quid
442 3115 530 3180 enim
552 3114 605 3180 vel
627 3112 725 3194 eruri,
748 3112 799 3178 vel
822 3111 954 3178 braehio
975 3111 1143 3195 prefuerit,
1196 3124 1298 3181 tatem
1320 3115 1423 3198 ipsum
1447 3115 1598 3182 refertur.
1643 3112 1739 3180 Plato
1762 3115 1847 3180 oiree
1865 3114 1963 3179 finem
1986 3113 2061 3178 libri
2082 3113 2170 3180 sexti

168 3203 197 3270 si
215 3201 339 3268 enormi
369 3203 462 3284 eopia
488 3199 641 3277 abundet,
670 3199 699 3265 si
720 3197 853 3283 longius
876 3219 914 3265 ιι
935 3197 1159 3287 extendatur„
1196 3201 1236 3265 de
1256 3200 1439 3285 Republiou
1468 3201 1611 3268 medium
1644 3199 1691 3264 illi
1726 3200 1830 3266 leeum
1864 3198 2096 3284 interrepere
2114 3199 2173 3265 aet

169 3288 233 3355 nisi
248 3287 333 3373 qnod
351 3286 542 3372 gravabitnr
559 3286 656 3352 nexie
675 3283 823 3353 tumere?
851 3284 905 3350 Ita
919 3285 946 3350 ai
961 3283 994 3348 in
1010 3282 1148 3349 Christo·
1183 3286 1296 3352 ’πίστιν
1336 3287 1492 3370 assignat.
1541 3286 1606 3353 Sed
1646 3306 1746 3368 quum
1769 3286 1879 3352 deeet
1917 3287 2043 3351 versari
2082 3284 2173 3352 eirea

170 3375 319 3439 volumus
352 3374 493 3451 oeneeri,
526 3391 620 3437 neme
652 3371 714 3439 sibi
747 3369 869 3454 aliquid
887 3372 963 3436 'eitz
997 3372 1054 3435 sed
1087 3367 1143 3435 alii
1195 3373 1400 3458 geometrica,
1433 3373 1531 3438 nimis
1564 3372 1742 3457 restringit,
1772 3371 1857 3454 quod
1891 3370 1932 3435 ed
1963 3380 2172 3453 praesentem

169 3463 242 3527 aliis
270 3461 373 3527 simus
400 3456 557 3541 quidquid
587 3478 708 3524 sumus.
752 3455 792 3521 Id
815 3458 854 3522 fit
882 3475 940 3539 per
962 3456 1143 3535 oaritetem,
1195 3459 1302 3526 leoum
1335 3459 1487 3541 pertinet.
1531 3459 1616 3524 Nam
1649 3456 1923 3540 quemadmodum
1952 3457 2079 3523 Paulus
2109 3455 2173 3521 ho·

169 3567 252 3699 qndae
275 3546 332 3612 ubi
356 3555 573 3696 ιᾶιιιιξιιι,
595 3543 687 3610 ιιΙΙι
708 3551 760 3610 est
780 3541 934 3609 eeclesiae
954 3532 1144 3622 eedifieetie,
1195 3545 1307 3694 mitnes·
1335 3543 1419 3695 nssdss
1441 3545 1552 3610 videre
1586 3544 1677 3628 prius
1709 3545 1858 3693 ιΐιιιιὶι,
1888 3545 1933 3608 ita
1960 3563 2048 3642 nune
2067 3540 2172 3694 uidit,

169 3653 204 3699 ιι
249 3651 340 3697 mora
384 3650 439 3698 ιιιι
463 3648 539 3696 aro.
1196 3651 1233 3696 rs
1248 3650 1419 3696 reornano
1451 3651 1562 3698 eaeees
1595 3649 1676 3708 ease,
1707 3649 1805 3695 eram
1835 3650 1869 3695 ιι
1896 3648 2045 3695 ιιιιιιιιιι
2061 3648 2097 3695 re
2120 3648 2173 3695 us.

191 3774 196 3785 .
440 3653 490 3783 p,
590 3783 594 3788 .
946 3784 950 3793 ,
1198 3717 1283 3783 Eunt
1313 3737 1400 3782 nuno
1429 3715 1579 3782 hemines
1614 3723 1648 3781 et
1677 3714 1778 3780 libere
1795 3714 1941 3781 arbitrie
1970 3712 2173 3798 superbiant,

258 3805 308 3870 17.
343 3802 510 3886 Hoeerpo
530 3802 610 3869 ¹dieo
639 3799 838 3884 eernere
868 3800 905 3866 in
926 3799 1074 3880 Domino,
1106 3818 1145 3866 ue
1195 3801 1288 3868 euius
1310 3801 1556 3870 moderatrieem
1580 3811 1673 3866 tantu
1690 3800 1871 3885 ignominia
1891 3802 1997 3866 notari
2019 3798 2172 3867 audiunt.

170 3891 333 3957 umbuhtie
363 3887 504 3970 emplius
534 3886 792 3972 quemadmodem
822 3889 976 3970 dperdee
1005 3885 1145 3968 reliquae
1196 3886 1263 3955 Sed
1286 3887 1362 3954 huie
1389 3889 1577 3966 sententies,
1608 3896 1647 3952 ut
1668 3886 1808 3965 videtur,
1838 3886 2040 3971 experientia
2062 3884 2173 3969 palam

135 4034 137 4038 .
170 3976 347 4044 ιιιιιῖιιιιι
383 3976 433 4041 18.
466 3975 501 4038 iu
521 3974 658 4042 vandale
677 3972 790 4043 meets
810 3993 895 4054 seue,
917 3976 1092 4040 eeeueeuiue
1108 3972 1144 4036 ie
1193 3978 1367 4059 repugnet.
1416 3973 1529 4057 Neque
1565 3974 1653 4041 enim
1691 3973 1742 4046 ita,
1771 3971 1858 4038 eaeoi
1894 3981 1973 4037 sunt
2006 3970 2174 4053 hemines,

168 4061 385 4147 intelligentie,
406 4060 561 4128 alenam
581 4080 604 4128 o
624 4061 689 4128 etta
704 4059 768 4127 Dei
783 4064 913 4143 propter
933 4057 1144 4142 ignerantiam
1196 4061 1274 4144 quin
1306 4058 1426 4143 aliquid
1455 4069 1620 4126 eernentz·
1637 4078 1743 4143 neque
1765 4059 1811 4123 ite
1833 4057 1920 4134 vani,
1942 4057 2023 4141 quin
2040 4055 2170 4139 eliquid

169 4151 314 4233 quaein
346 4148 415 4215 atis
446 4151 500 4230 est,
529 4152 663 4232 propter
693 4143 992 4239 meudulealeordie
1016 4156 1144 4210 eurum:
1196 4142 1350 4212 iudicent.
1381 4145 1461 4212 ‘Ree
1507 4145 1607 4223 ndeo,
1643 4144 1729 4227 qued
1767 4143 1807 4209 ad
1844 4163 1984 4227 regnum
2017 4141 2099 4221 Dei,
2136 4146 2171 4208 ot

102 4292 105 4296 ,
172 4236 222 4300 19.
256 4254 335 4317 quoe
359 4239 528 4317 potquam
559 4233 675 4300 delore.
688 4231 778 4319 megi
804 4230 971 4310 ἀιιιιιιιιιι,
999 4229 1145 4313 seipsae
1196 4241 1299 4297 totam
1332 4231 1450 4315 spiritu
1484 4233 1511 4297 is
1538 4231 1625 4297 vitae
1654 4230 1824 4309 rationem,
1839 4262 1842 4267 ·
1856 4230 1922 4294 tale
1954 4248 2035 4295 esse
2056 4224 2171 4294 lumen

170 4320 369 4386 tradiderunt
395 4320 552 4398 lasciviae,
579 4319 625 4384 ed
650 4317 897 4402 perpetrandum
936 4322 1057 4383 emnem
1082 4315 1143 4380 im·
1197 4316 1334 4383 rationis
1369 4316 1531 4384 humanae
1566 4325 1604 4382 ιι
1638 4335 1756 4399 parum
1792 4335 1812 4380 a
1846 4313 1989 4382 tenebris
2024 4312 2170 4380 differat:

171 4405 357 4472 munditiem
377 4426 451 4472 eum
467 4406 625 4472 aviditate.
1197 4402 1350 4486 quoniam
1364 4422 1443 4468 mox
1464 4403 1685 4486 exstinguitur
1699 4411 1875 4484 antequam
1897 4401 1985 4468 viem
1998 4410 2172 4466 monstra·

184 4550 187 4556 .
301 4544 304 4549 ,
473 4550 476 4555 ⁴
1198 4490 1293 4555 verit.
1337 4488 1450 4554 Talem
1474 4508 1593 4572 quoque
1614 4509 1685 4557 esee
1707 4485 1980 4570 perspieientiam,
2010 4495 2047 4551 ιι
2066 4486 2173 4552 nihilo

260 4578 310 4644 17.
343 4576 411 4644 Hoe
431 4595 513 4660 erpo.
544 4575 724 4661 Postquam
746 4573 786 4640 de
808 4574 967 4660 regimine
982 4571 1144 4657 disseruit,
1197 4575 1271 4658 plus
1292 4574 1400 4641 valeat
1427 4593 1525 4658 quarn
1554 4574 1715 4642 oaeeitesr·
1732 4572 1894 4656 quonium,
1923 4580 2100 4654 antequam
2129 4570 2172 4638 ad

173 4662 259 4746 qued
287 4662 458 4731 eonstituit
485 4661 639 4729 christus
668 4671 704 4726 ut
733 4662 900 4743 eeelesiam
933 4680 1026 4726 suam
1057 4660 1155 4726 aedi·
1198 4663 1322 4747 frugem
1351 4662 1531 4744 perveniet,
1564 4661 1715 4745 protinus
1745 4661 1920 4724 eveneseit.
1964 4657 2054 4724 Sunt
2080 4657 2171 4724 enim

173 4749 256 4827 fioet,
290 4750 354 4816 iam
387 4750 542 4816 admonet
574 4746 686 4830 quoles
719 4746 754 4811 in
785 4748 853 4811 vite
880 4747 1144 4813 Christianorum
1198 4768 1276 4814 vere
1309 4747 1467 4830 prineipie
1495 4748 1587 4830 quasi
1620 4744 1798 4813 suintillae:
1832 4743 1888 4810 sed
1917 4762 2000 4828 quse
2033 4753 2172 4809 naturae

101 4880 121 4887 ·.
170 4833 299 4901 ¹fruetus
325 4857 439 4919 parere
462 4835 579 4903 debeet
607 4833 665 4899 illa
694 4830 842 4898 doetrinu
871 4833 963 4899 ouius
985 4832 1145 4899 meminit.
1198 4832 1359 4917 pravitate
1374 4833 1583 4916 suffeeentur,
1598 4840 1772 4915 antequam
1785 4827 2170 4914 applieentnredverum

174 4919 240 4987 vel
261 4921 290 4986 ei
310 4922 427 5004 mavis,
449 4942 507 5004 per
527 4919 651 5006 speeies
673 4939 828 4985 enarrare
849 4917 964 5000 ineipit
984 4938 1145 5000 quaenam
1197 4940 1302 4986 usum.
1348 4919 1500 5001 Exempli
1523 4918 1646 5003 gretia,
1669 4937 1740 4983 esse
1764 4917 1886 4995 Deum,
1907 4928 1942 4981 et
1962 4934 2037 4980 eum
2060 4915 2172 4981 oolen·

176 5008 219 5071 sit
239 5006 298 5073 ills
314 5004 503 5088 aedilioatio,
525 5028 609 5091 quse
631 5028 672 5074 ex
684 5005 833 5072 doetrina
850 5004 941 5088 sequi
964 5003 1067 5069 debet.
1095 5004 1156 5071 Ao·
1197 5003 1274 5070 dum
1289 5024 1361 5070 esee
1379 5023 1400 5070 a
1417 5005 1518 5083 uobis,
1542 5024 1656 5070 omnes
1676 5003 1802 5069 seiunt:
1823 5002 1880 5068 sed
1898 5003 1935 5066 fit
1951 5000 2032 5066 vitio
2046 5009 2171 5077 nostre,

178 5089 318 5173 primum
340 5089 472 5176 quidem
495 5094 535 5159 ab
553 5092 735 5159 infidelium
756 5092 902 5157 vanitate
924 5109 979 5156 eos
1001 5098 1145 5167 revoeet,
1197 5100 1230 5154 st
1251 5089 1436 5174 ignorantia
1458 5091 1598 5172 quaein
1621 5087 1714 5155 nobis
1736 5087 1912 5174 praevalet,
1934 5101 1974 5151 nt
1994 5086 2172 5153 a-oonluau

172 5186 406 5277 argumentum
437 5177 595 5247 indueene
622 5199 643 5243 a
665 5176 931 5262 repugnentibus.
976 5174 1145 5258 Nemees,
1196 5175 1253 5240 illa
1276 5176 1389 5241 notitia
1419 5177 1528 5242 stetim
1551 5176 1592 5243 ad
1614 5174 1737 5241 idolum
1765 5173 2003 5240 transeil·iumua
2031 5181 2067 5238 et
2081 5170 2170 5238 illud

169 5279 235 5345 qm
255 5260 360 5331 edoeti
373 5273 452 5332 sunt
473 5262 508 5331 in
523 5262 650 5331 Christi
672 5263 783 5332 nehela
803 5274 838 5331 et
859 5262 974 5329 salutis
999 5260 1145 5328 doetrine
1197 5261 1341 5328 nolemus
1361 5263 1424 5329 Dei
1445 5264 1524 5330 leee.
1569 5261 1609 5329 In
1632 5261 1695 5328 Dei
1718 5260 1807 5329 enltu
1819 5259 1967 5327 deterius
1989 5257 2173 5326 etiamnum
