4762 6016
186 428 256 495 273
1089 424 1241 495 CAPUT
1262 424 1309 493 11.
2131 421 2201 492 274

187 644 305 694 omues
327 630 465 692 nostroe.
499 621 554 689 Its
574 622 632 689 liet
652 629 689 689 ιιι
710 620 804 705 nihil,
827 620 913 705 qued
935 619 977 688 ab
998 621 1069 705 ipso
1091 641 1166 707 pre·
1218 629 1328 705 pater:
1347 625 1375 686 et
1394 620 1462 686 iem
1482 620 1518 686 s'o
1534 617 1657 686 Gletele
1676 619 1839 701 impletum
1856 618 2204 701 aitqaodeeb'eisotus·

187 712 305 788 dierit,
335 711 431 776 nobie
459 729 524 775 nen
551 709 594 776 sit
623 710 764 774 maxime
792 708 1035 792 tempestiuum.
1087 706 1167 775 Ideo
1217 711 1286 774 erut
1300 704 1489 785 Meludrias,
1510 725 1572 773 oen
1592 705 1684 772 mode
1704 706 1741 771 ie
1758 704 1890 784 ludusa,
1911 704 1968 772 sed
1989 705 2026 771 ie
2045 710 2104 772 tots
2124 707 2199 774 erbe

187 799 380 882 frequenter
406 796 493 883 apud
520 794 662 861 Paulum
690 795 833 862 eeeurrit
864 793 945 862 base
973 791 1165 861 admonitio:
1217 793 1326 875 offerri
1346 791 1415 858 Dee
1432 811 1521 874 pree
1540 790 1706 872 sacrificiu

188 882 385 970 praesertim
399 902 499 967 quum
520 881 560 947 de
581 879 731 965 gentium
753 881 922 948 veesbone
944 879 1063 964 agitur,
1083 899 1167 963 quae
1306 877 1505 944 Seruaeus
1519 896 1626 959 puras
1646 896 1770 944 menes.
1816 879 1867 944 Ae
1887 877 1917 944 si
1940 876 2072 959 diuerst,
2101 877 2198 946 modo

186 989 251 1036 sna
273 969 419 1034 novitate
441 966 563 1034 multos
585 975 666 1034 tune
687 964 883 1049 pereellebat
913 974 947 1030 et
968 965 1061 1049 quasi
1092 963 1167 1031 red·
1219 963 1306 1031 adsit
1327 965 1411 1030 bena
1431 963 1640 1045 eeneeientia,
1669 962 1753 1030 nihil
1776 963 1906 1030 obstare
1927 963 2101 1046 queminus
2122 963 2197 1029 ubi·

186 1055 291 1122 debat
318 1053 482 1120 attonitos.
526 1050 654 1134 Quibus
682 1051 745 1118 hae
769 1051 929 1118 solutions
951 1071 1018 1117 nen
1039 1050 1168 1132 satisfit,
1220 1070 1282 1134 que
1313 1050 1468 1121 inveeent
1496 1049 1607 1116 Deum
1634 1069 1749 1115 omnes
1777 1057 1901 1134 gentes
1953 1045 2020 1116 Sed
2048 1048 2097 1115 rei
2125 1048 2199 1117 loeo

191 1141 300 1208 Deum
326 1139 452 1206 eeeulta
473 1157 533 1204 sua
555 1138 718 1221 sapientia
746 1137 951 1206 distribuisse
980 1143 1166 1220 temperem
1219 1135 1353 1219 signum
1375 1136 1499 1219 posuit:
1530 1156 1607 1201 nem
1630 1153 1732 1217 purae
1754 1155 1873 1202 manus
1895 1144 1973 1201 sunt
1993 1135 2068 1218 puri
2089 1134 2201 1202 sordis

190 1226 294 1294 vinem
324 1224 360 1291 hi
386 1223 563 1310 aliquande
591 1224 804 1307 experientur
831 1243 895 1308 que
920 1232 1065 1306 tempore
1085 1223 1168 1290 otio·
1220 1219 1352 1287 indieee
1397 1219 1684 1301 Quemadmodum
1704 1241 1724 1286 e
1744 1241 1904 1288 eonverse
1925 1220 2049 1287 lessies
2071 1220 2116 1306 (1,
2141 1220 2200 1307 15)

185 1331 265 1380 sum
288 1312 390 1376 tuisse
410 1319 538 1394 putant,
560 1309 735 1376 febrientes
756 1310 878 1376 inlusus
898 1308 1046 1376 eurieeis.
1220 1306 1396 1391 exprobrat
1416 1306 1557 1384 Iudaeis,
1580 1306 1666 1390 qued
1688 1325 1808 1373 manns
1827 1307 1869 1374 ad
1891 1307 2000 1374 Deum
2023 1309 2199 1393 unguino-

279 1398 309 1463 7.
333 1397 377 1462 Ie
404 1396 485 1480 qued
507 1396 635 1478 postas
654 1415 734 1461 uem.
778 1394 830 1461 Ne
851 1399 975 1462 temere
996 1394 1049 1483 (nt
1070 1393 1167 1461 multi
1218 1392 1326 1459 lentae
1355 1392 1526 1470 extollent,
1556 1393 1634 1458 dum
1662 1392 1829 1459 invehitur
1857 1393 1893 1459 in
1919 1414 2032 1460 serum
2058 1394 2198 1461 erudeli·

187 1482 312 1570 solent)
327 1483 367 1548 de
382 1502 419 1548 re
435 1481 497 1548 sibi
512 1502 630 1566 parum
651 1489 818 1565 eemperta
839 1500 985 1547 asserere
1006 1480 1167 1564 rideatur,
1220 1487 1331 1544 tatem.
1366 1477 1471 1545 Perre
1494 1479 1699 1546 eaeremonia
1721 1478 1803 1545 haee
1823 1480 1945 1544 usitate
1965 1479 2030 1545 fnit
2045 1482 2198 1548 omnibus

186 1589 228 1636 ee
250 1569 291 1635 ad
313 1568 376 1635 heo
396 1566 564 1652 praedicat
590 1566 748 1633 divinitus
769 1566 965 1646 ordinatum,
996 1572 1034 1632 ut
1054 1571 1169 1650 gentes
1219 1563 1371 1645 seeenlis,
1392 1565 1470 1647 quie
1483 1579 1601 1631 natura
1622 1565 1677 1632 hie
1693 1562 1786 1630 nobie
1807 1565 1975 1649 ingenitus
1997 1577 2048 1631 est
2068 1587 2199 1649 sensus,

191 1656 288 1740 prius
330 1674 350 1719 a
386 1672 489 1738 regne
517 1651 580 1718 Dei
613 1653 738 1720 alianae
770 1653 811 1719 ed
843 1652 1006 1738 evangelli
1037 1651 1169 1735 partiei-
1220 1671 1321 1734 quum
1337 1651 1444 1717 Deum
1461 1651 1658 1735 quaerimus,
1679 1671 1812 1717 sursum
1829 1651 2007 1735 adspiesre.
2039 1652 2198 1734 Adeoque

190 1740 357 1826 petionem
384 1737 532 1806 eddueut.
570 1738 655 1805 Nem
673 1738 875 1823 apostolatus
897 1738 967 1806 eins
989 1735 1169 1823 adgentes
1220 1755 1350 1820 semper
1364 1737 1478 1821 valuit,
1501 1743 1538 1803 nt
1559 1736 1623 1820 ipsi
1640 1756 1766 1820 queque
1782 1736 1983 1815 idololatrae,
2005 1758 2107 1820 quum
2121 1737 2201 1805 alie·

186 1834 317 1893 eertum
347 1833 417 1890 erat
448 1822 578 1891 divinae
607 1824 785 1893 voeatienie
812 1823 1072 1891 fundamentum.
1123 1823 1169 1890 Et
1221 1821 1276 1906 qui
1297 1821 1408 1889 Deum
1436 1823 1608 1907 affigerent
1634 1821 1754 1905 ligneis
1776 1831 1809 1888 et
1837 1822 1974 1908 lapideis
2002 1823 2198 1906 simulaeris,

191 1911 268 1978 ideo
297 1918 466 1994 tantopere
493 1910 529 1975 in
557 1911 628 1995 ipse
656 1910 832 1978 asserendo
852 1909 1005 2010 labereta
1024 1918 1061 2010 ιιι
1081 1918 1170 1977 uerte
1222 1928 1347 2007 merem
1369 1909 1535 1976 tamenin
1557 1906 1843 2007 eoelnm'tollendi
1863 1929 1983 1976 manue
2003 1910 2199 2011 retinerent.

187 1994 435 2153 tlttttlt?
456 1995 1170 2167 ,ιίἶιὲῗὲῗιιῗὲἱῗὲἓῗὲῗω7717717171
1221 1994 1406 2179 iffi,
1419 2013 1851 2180 tuttelstet
1867 2005 2202 2180 {mustea

189 2170 230 2236 in
262 2190 298 2236 re
331 2169 473 2235 maxime
505 2168 600 2248 seria,
633 2166 799 2236 duetorem
831 2189 867 2234 se
899 2189 970 2235 sese
1002 2168 1170 2254 gentium:
1222 2174 1363 2233 veritas:
1394 2186 1513 2250 nempe
1533 2176 1582 2251 ut,
1611 2166 1772 2232 admenrtr
1794 2166 1903 2231 Deum
1925 2188 1960 2232 m
1988 2169 2078 2235 eeele
2101 2188 2202 2252 quae-

191 2255 293 2340 idqne
320 2256 363 2321 in
393 2252 482 2320 lide
510 2262 549 2319 st
577 2254 775 2321 veritate.
827 2252 921 2334 Quae
954 2254 1018 2320 duo
1051 2253 1169 2320 bonam
1222 2250 1363 2317 rendum
1384 2273 1465 2334 esee,
1486 2253 1630 2336 primum
1652 2252 1693 2318 de
1713 2253 1784 2333 ipse
1807 2261 1974 2318 terrenum
1994 2253 2048 2320 rel
2068 2254 2203 2322 earnale

188 2341 428 2408 mneeientiam
461 2338 663 2424 signifieent,
696 2339 754 2406 sed
787 2359 860 2406 eam
892 2360 1021 2425 quoque
1053 2339 1169 2405 fultum
1222 2336 1554 2422 nibilimuginemur:
1570 2337 1686 2404 deinde
1704 2358 1867 2404 exuamus
1885 2339 2022 2406 effeetus
2039 2340 2201 2425 earnelss,

190 2447 268 2494 esee
285 2434 415 2511 opertet
431 2424 627 2494 uertitudine
649 2425 781 2494 divinae
802 2426 991 2494 volontatis.
1027 2424 1170 2490 Proinde
1223 2422 1358 2506 nequid
1373 2422 1530 2507 impediet
1548 2425 1722 2507 queminus
1743 2425 1847 2490 animi
1868 2426 1972 2491 nestri
1991 2446 2091 2509 supra
2103 2449 2202 2494 mun·

189 2533 258 2580 nen
289 2520 417 2579 tentum
440 2512 565 2578 sineere
587 2512 707 2579 affeetu
729 2531 766 2579 se
786 2510 941 2598 gentibue
961 2509 1168 2596 evangelium
1224 2508 1302 2575 dum
1341 2516 1526 2594 assurgant
1584 2509 1782 2576 Idololatrse
1818 2529 1896 2577 vero
1934 2519 1968 2576 et
2006 2511 2201 2597 hypoeritue

191 2598 382 2684 praediears
415 2596 585 2682 intelligit:
617 2597 676 2664 sed
709 2598 809 2663 etiam
838 2617 919 2663 sena
946 2606 979 2664 et
1006 2595 1171 2680 intrepida
1222 2615 1341 2661 manus
1362 2595 1449 2662 inter
1469 2594 1630 2661 orandum
1651 2595 1841 2680 attollendo,
1863 2597 1978 2664 umiae
1996 2614 2094 2663 sunt:
2123 2602 2201 2683 quie

187 2685 402 2768 eonseientie,
425 2683 569 2768 eoquod
590 2683 673 2749 nihil
694 2691 772 2769 aget
793 2684 857 2751 uiei
875 2683 939 2750 Dei
961 2683 1126 2749 mandato.
1223 2681 1303 2747 dum
1324 2688 1462 2746 externe
1483 2680 1630 2761 symbolo
1651 2683 1846 2766 profitentur
1866 2702 1902 2749 se
1923 2692 2052 2750 mentes
2067 2706 2202 2754 sursum

1223 2766 1345 2833 babere
1376 2777 1510 2847 ereetae,
1540 2766 1664 2851 priores
1691 2769 1726 2833 in
1754 2768 1845 2853 ligno
1867 2779 1901 2834 et
1921 2769 2029 2853 lapide
2050 2770 2203 2855 haerent,

280 2856 311 2921 8.
342 2855 418 2922 Volo
442 2855 543 2940 quor
570 2875 663 2922 erere
687 2855 775 2924 seor
799 2856 836 2922 in
855 2855 943 2922 emet
961 2855 1033 2936 loeo,
1062 2853 1171 2921 eaetel·
1223 2852 1316 2936 quasi
1344 2851 1414 2920 illie
1440 2853 1587 2920 inelnsus
1613 2862 1698 2920 esset
1719 2854 1827 2921 Dens:
1857 2854 1992 2923 meandi
2012 2867 2071 2922 ant
2092 2859 2201 2925 inani·

187 2941 287 3007 teser
302 2960 410 3022 perae
421 2960 546 3023 meare,
559 2941 676 3025 ubsque
687 2941 1024 3024 irustdt‘aeeptotieue.
1050 2940 1082 3008 9.
1095 2940 1171 3008 Oes-
1223 2937 1284 3006 bus
1317 2939 1418 3018 euris,
1456 2945 1513 3006 aut
1544 2939 1655 3021 pravis
1687 2941 1938 3024 cogitationibus
1980 2941 2131 3025 implieiti
2163 2946 2201 3010 in

188 3026 342 3094 mter
361 3031 391 3093 et
409 3026 556 3094 mares
577 3028 613 3094 e'a
633 3029 751 3094 emim
770 3029 881 3096 desero
901 3048 971 3094 eum
987 3027 1172 3094 semodio
1224 3033 1312 3091 terre
1340 3026 1463 3092 iaeent:
1498 3023 1632 3108 preinde
1661 3027 1824 3092 eontrarie
1854 3038 1948 3110 gestu
1975 3029 2201 3096 testimenium

190 3117 224 3180 et
250 3115 457 3196 mentio
477 3133 591 3179 mure
610 3115 803 3196 medietas,
831 3133 892 3180 neo
911 3114 1001 3179 torte
1021 3113 1171 3196 utnibss,
1223 3111 1398 3178 adversm
1420 3131 1456 3177 ss
1477 3109 1599 3177 ferunt.

191 3204 356 3281 meere,
370 3205 426 3265 eut
434 3200 633 3284 margaritis,
647 3201 827 3267 ααιυιειίιιι
837 3205 1033 3283 montuoso:
1055 3200 1106 3265 10.
1117 3200 1173 3266 sed
1310 3196 1436 3278 Absque
1466 3197 1530 3264 ινα,
1580 3196 1739 3265 Nonnulli
1768 3198 1934 3263 tremitum
1963 3198 2203 3285 indignationis

188 3287 277 3368 qaod
297 3286 382 3354 dese
400 3285 546 3353 matese
556 3285 893 3369 profiteuteepietutsm
903 3307 961 3369 per
974 3286 1053 3353 does
1067 3305 1171 3370 opere
1225 3291 1405 3369 exponunt,
1436 3283 1516 3350 dum
1545 3303 1654 3350 seeum
1685 3283 1906 3349 tumultuatur
1934 3285 2137 3366 eonseientia,
2167 3295 2203 3353 et

1226 3371 1320 3454 quasi
1356 3390 1431 3437 eum
1464 3369 1537 3437 Dee
1573 3368 1776 3453 expostulat:
1813 3370 1903 3454 quod
1938 3370 2085 3438 aeeidere
2117 3372 2203 3440 solet

281 3457 312 3524 8.
347 3455 423 3525 Volo
457 3459 566 3544 igitur,
599 3463 651 3525 ete.
707 3458 835 3526 Pendet
870 3456 952 3524 haee
987 3456 1094 3522 illatio
1131 3476 1173 3523 ex
1225 3477 1326 3541 quum
1359 3475 1412 3522 res
1444 3455 1603 3523 adversae
1633 3455 1769 3542 grauim
1800 3476 1862 3524 nee
1890 3462 2054 3538 premunt
2106 3458 2203 3527 'lune

190 3544 345 3628 proxima
367 3544 539 3609 sententia.
576 3543 673 3623 Nam,
693 3551 734 3611 ut
755 3545 790 3610 in
812 3543 950 3630 epistola
971 3541 1013 3608 ad
1035 3543 1174 3611 Galatas
1224 3543 1312 3609 enim
1342 3562 1439 3627 aegre
1467 3542 1612 3621 ferimus,
1640 3562 1707 3608 non
1736 3541 1851 3609 statim
1873 3543 1981 3609 Deum
2010 3544 2105 3610 nobis
2126 3565 2202 3613 sue

192 3627 241 3714 (4,
262 3627 297 3712 5)
316 3626 471 3709 vidimus,
491 3629 609 3731 spiritu
629 3629 814 3731 adeptionis
836 3629 998 3712 praeditos
1019 3650 1092 3708 esse
1114 3649 1175 3696 nee
1222 3648 1367 3710 uerrere,
1390 3637 1423 3728 st
1444 3627 1649 3729 impatientis
1670 3628 1853 3729 turbamur.
1889 3627 2085 3699 Oeneutitur
2101 3631 2203 3731 οιίιιιιι

191 3713 1174 3886 effigtdttttetsssstttemet?
1225 3713 2204 3884 {deletstill'etttettettfft‘tdt

191 3885 261 3951 -bus
289 3883 404 3950 datum
430 3904 502 3951 sese
530 3886 715 3986 apostolum
736 3887 897 3966 meminit,
927 3896 966 3952 ιιι
987 3888 1103 3954 eedem
1124 3908 1174 3952 rs·
1226 3887 1332 3953 nestri
1364 3884 1497 3966 habeat,
1527 3907 1571 3952 an
1603 3885 1712 3954 salvos
1740 3886 1822 3953 velit
1853 3908 1969 3972 neone,
2002 3897 2035 3953 et
2067 3887 2205 3955 similes.

199 3971 396 4055 demptionis
424 3969 581 4037 benetiere
610 3973 792 4055 premieeue
823 3992 897 4040 eum
926 3969 1060 4038 Indaeis
1088 3973 1176 4038 frue-
1226 3973 1340 4038 'llalern
1362 3973 1659 4038 eensternatiunem
1678 3971 1872 4039 haesitmtis
1886 3973 1988 4038 animi
2006 3972 2205 4059 dissepta·

193 4065 334 4123 rentur:
364 4075 476 4122 omnes
500 4055 625 4140 pariter
652 4056 696 4123 ad
719 4058 881 4125 orandum
904 4058 1034 4125 invitat.
1076 4058 1176 4125 Fides
1227 4059 1349 4125 tionis
1375 4078 1453 4124 veee
1475 4059 1585 4126 ueteri
1604 4067 1735 4144 putant
1779 4058 1833 4124 Ite
1854 4057 2033 4124 seeundum
2054 4077 2111 4125 eos
2131 4080 2205 4126 sen·

191 4142 287 4208 enim
319 4143 562 4210 invenationem
596 4144 692 4226 parit.
742 4142 838 4211 Unde
870 4151 904 4209 et
937 4143 978 4209 ed
1008 4144 1176 4210 Romanos
1226 4166 1284 4211 sus
1317 4153 1416 4224 esset,
1448 4155 1562 4227 penate
1594 4143 1793 4212 eonwientia
1823 4153 1857 4209 et
1887 4143 2052 4228 intrepide
2082 4144 2206 4212 fidens

194 4229 306 4312 eapite
329 4228 381 4312 15,
402 4228 433 4308 9,
497 4228 604 4294 ntium
627 4229 829 4296 venationem
852 4229 970 4313 probat
990 4229 1062 4296 istis
1084 4230 1192 4315 testi·¹
1227 4228 1388 4296 orandum
1403 4250 1485 4295 esee.
1516 4229 1585 4297 elii
1599 4229 1649 4316 (ut
1662 4229 1931 4316 chrysostomus)
1944 4230 2068 4314 requiri
2083 4240 2206 4314 putant

190 4314 337 4381 meniis:
366 4314 462 4381 Exsu
475 4322 548 4381 tent
573 4323 687 4400 gentes
709 4335 783 4383 enm
807 4315 927 4402 pupulo
949 4315 1027 4381 eius.
1072 4314 1176 4380 Item:
1228 4335 1297 4381 nen
1319 4325 1387 4380 tam
1404 4336 1483 4401 erga
1498 4315 1606 4383 Deum
1623 4337 1722 4400 qnam
1742 4316 1892 4384 hemines
1906 4314 2050 4400 plaeidos
2076 4317 2205 4383 ammes

198 4398 327 4465 Omnes
348 4408 464 4486 gentes
484 4399 616 4466 laudate
637 4400 826 4469 Dominum.
863 4400 965 4466 Item:
987 4400 1177 4468 (lenfitebor
1228 4410 1263 4467 st
1283 4402 1371 4468 omni
1394 4401 1642 4484 perturbatione
1663 4423 1791 4469 vaenue
1833 4401 1920 4482 Quia
1941 4401 2022 4468 nibil
2045 4402 2207 4488 estquod

200 4484 262 4552 tibi
280 4485 370 4552 inter
388 4484 620 4573 gentseffsal.
636 4486 688 4566 67,
706 4486 740 4567 5;
764 4487 837 4566 117,
857 4489 890 4568 1;
914 4487 966 4569 18,
983 4486 1048 4573 50).
1078 4486 1178 4554 Valet
1228 4507 1345 4571 puram
1382 4485 1446 4551 Dei
1481 4488 1722 4557 inveeatiensm
1758 4488 1863 4573 magis
1898 4486 2069 4571 impediat,
2105 4508 2206 4573 quarn

192 4571 289 4637 enim
303 4572 505 4655 reciprooum
519 4585 751 4656 argumentum
764 4592 786 4638 a
800 4575 864 4639 lide
877 4575 918 4638 ad
930 4574 1177 4650 invenationem,
1229 4576 1321 4638 rixae
1349 4583 1382 4636 et
1409 4575 1645 4640 contentiones.
1690 4574 1788 4640 Unde
1815 4573 1915 4638 etiam
1937 4573 2028 4640 iubet
2046 4573 2207 4641 Christus

201 4658 304 4723 stab
333 4658 542 4724 inruentibus
567 4659 610 4728 ad
637 4658 747 4742 fidem,
776 4666 933 4743 tanquam
963 4680 983 4725 a
1010 4678 1108 4725 eausa
1136 4658 1177 4723 ad
1229 4657 1364 4742 (Matth.
1387 4656 1418 4737 b,
1439 4658 1506 4746 24),
1534 4659 1564 4726 si
1592 4661 1664 4743 quis
1692 4658 1846 4724 dissideat
1872 4679 1951 4725 enm
1973 4661 2083 4740 fratre,
2110 4661 2205 4743 prius

191 4743 366 4822 ¹effoetum,
397 4755 431 4809 et
463 4743 504 4810 ab
536 4745 655 4811 elleetu
683 4744 725 4810 ud
753 4765 895 4812 eaumm.
946 4743 1042 4825 Quod
1071 4745 1191 4810 obser-
1229 4742 1431 4810 reeeneiliuri
1452 4765 1551 4828 quarn
1572 4764 1694 4811 munus
1715 4745 1757 4810 ad
1779 4744 1882 4810 altere
1903 4744 2029 4811 offerat.
2073 4745 2207 4811 Horum

202 4829 334 4895 vatione
363 4829 500 4914 dignum
528 4838 595 4896 eet:
667 4830 699 4897 ‘a
719 4831 797 4896 inde
817 4833 1041 4907 admonemur,
1071 4830 1177 4896 Deum
1230 4840 1406 4912 utrumque
1430 4831 1640 4898 verissimum
1669 4850 1742 4896 esee
1768 4833 1886 4896 fateor:
1914 4830 1972 4896 sed
2002 4830 2080 4898 dnm
2111 4850 2206 4915 prae·

193 4935 238 4981 ee
260 4915 354 4981 nobis
375 4915 559 5000 patelaosre
573 4937 634 4984 ver
656 4935 676 4982 o
698 4936 757 4983 suo
779 4925 818 4982 ut
839 4937 860 4983 a
881 4916 973 4983 nobis
990 4917 1177 4983 inveeetnr:
1230 4915 1334 4982 sentis
1351 4915 1413 4980 loei
1431 4917 1712 4984 eireumstsntiam
1729 4916 1890 5002 expende,
1912 4937 1980 4982 nen
1995 4916 2108 4984 debite
2122 4918 2207 5000 quin

204 5008 239 5066 et
269 4998 332 5067 hee
363 5001 573 5088 praeeipuum
604 5021 678 5069 esee
705 5003 899 5070 exereitium
929 5001 1015 5068 fidei.
1068 5000 1180 5084 Quare
1231 5001 1413 5084 respexerit
1433 5001 1559 5069 Paulus
1581 5002 1622 5067 ad
1645 5001 1897 5089 disseptationss
1918 5022 2001 5086 quae
2021 5002 2099 5069 inde
2119 5004 2207 5070 eris·

204 5086 376 5170 partieuleq
397 5087 437 5152 in
464 5087 571 5153 omni
595 5087 692 5169 loeo,
714 5108 874 5172 paresque
896 5088 951 5155 hie
972 5085 1061 5154 valet
1082 5096 1180 5170 atque
1231 5088 1362 5171 bantur,
1383 5088 1468 5171 quod
1490 5087 1604 5154 ludaei
1625 5097 1739 5173 gentes
1759 5088 1821 5156 sibi
1842 5090 1973 5173 aequari
1995 5087 2210 5173 indignaban-

205 5171 299 5239 initie
321 5174 440 5257 prieris
461 5173 502 5238 ad
524 5172 731 5241 Oorlntbies:
753 5182 792 5245 ut
811 5173 939 5241 nullum
961 5174 1005 5240 sit
1026 5174 1092 5239 ium
1113 5172 1179 5241 dis·
1231 5182 1296 5253 tnr,
1331 5176 1366 5240 et
1399 5173 1473 5240 ideo
1509 5175 1766 5242 wneoveeian
1802 5175 1981 5242 movebant
2016 5173 2057 5241 de
2090 5195 2210 5241 earnm

202 5259 327 5326 erimen
357 5259 444 5324 inter
470 5258 627 5345 gentilem
656 5268 689 5324 et
708 5258 878 5340 Iudaeum,
906 5262 993 5326 inter
1014 5259 1180 5328 Grseeum
1231 5259 1415 5326 resedens:
1463 5261 1530 5326 ime
1565 5279 1624 5330 ees
1662 5260 1878 5345 repudiabunt
1926 5261 2147 5346 eruebantqne
2186 5283 2211 5327 a

197 5352 241 5411 et
273 5345 466 5413 barbarum:
503 5347 579 5430 quia
611 5345 702 5412 Deus
733 5346 916 5413 eommunis
948 5353 998 5414 est
1030 5347 1179 5414 emnium
1231 5346 1355 5431 gratim
1382 5346 1554 5414 eonsertio.
1598 5345 1683 5414 Vult
1709 5368 1788 5433 ergo
1809 5346 1943 5429 Paulus,
1970 5346 2094 5414 ametis
2120 5348 2214 5416 sius·

314 5463 426 5522 θιιιοίικ·
441 5480 536 5536 opere.
565 5463 625 5522 Vnt
643 5462 714 5521 1211.
1951 5466 1986 5521 18
