4762 6016
186 339 249 410 163
860 341 1002 412 EPIS'P.
1027 336 1171 410 PAULI
1193 333 1512 411 anapaestos
2129 337 2195 410 164

186 562 269 620 esse,
291 560 357 606 non
380 533 525 622 origine,
546 539 603 606 sed
624 539 813 605 imitatione.
858 538 924 605 Sed
947 537 1073 605 Paulus
1100 557 1161 604 nos
1216 559 1284 605 nos.
1328 537 1495 605 Particula
1517 538 1639 605 etiam
1669 536 1767 605 habet
1799 538 1989 622 emphasin:
2011 537 2117 621 q'ualis
2138 552 2193 606 est

187 647 263 694 cum
285 634 419 710 peccato
442 625 534 709 gigni
558 629 707 704 testatur,
734 624 1005 707 quemadmodum
1028 647 1161 708 serpen·
1215 624 1256 689 ad
1278 624 1448 690 Romanos
1469 634 1561 691 sexto
1583 625 1699 709 capite.
2062 680 2064 685 ,

188 725 238 778 tes
267 733 361 778 suum
392 732 556 777 venenum
587 731 628 776 ex
651 723 743 776 utero
776 712 928 776 afferunt.
974 711 1050 789 Alii,
1085 710 1161 775 dum
1301 709 1330 774 5.
1368 709 1487 776 Gratia
1521 711 1596 776 estis
1629 711 1755 777 sotumi.
1800 709 1917 778 Nescio
1950 731 1992 775 an
2028 710 2192 794 quispiam

187 819 265 864 vero
293 808 462 881 peecatum
485 818 557 863 esse
583 807 714 882 negant,
744 817 810 861 non
841 797 949 861 minus
977 805 1160 881 repugnant
1215 795 1297 861 alius
1324 795 1386 860 hoc
1408 797 1654 877 interposuerit:
1687 798 1762 880 quia
1791 805 1902 863 tamen
1931 797 2015 861 nihil
2044 795 2143 862 babet
2171 816 2193 862 a

188 884 284 950 Pauli
307 883 426 949 verbis.
463 882 549 948 Nam
572 883 627 946 ubi
650 882 825 960 damnatio,
848 881 915 948 illie
938 892 1027 948 certe
1049 903 1160 966 pecca·
1215 891 1369 948 contextu
1384 930 1387 935 .
1403 882 1563 958 alienum,
1598 881 1736 948 libenter
1776 882 1952 965 amplector
1987 894 2142 966 tanquam
2171 902 2193 948 a

188 987 258 1035 tum
282 991 352 1035 esse
374 978 518 1052 oportet:
548 969 625 1050 quia
648 969 739 1034 Deus
766 989 833 1033 non
856 969 1000 1034 innoxiis
1022 968 1160 1033 homiui·
1215 967 1330 1032 Paule.
1344 967 1512 1052 scriptum.
1558 968 1602 1032 Et
1626 969 1776 1034 videmus
1805 982 1842 1033 ut
1868 987 2035 1053 nunquam
2064 969 2125 1033 sibi
2155 968 2192 1034 in

187 1057 257 1132 bus,
288 1056 343 1122 sed
368 1064 498 1138 peccato
520 1053 682 1120 irascitur.
727 1054 796 1120 Nec
820 1055 939 1119 mirum
963 1062 1022 1132 est,
1052 1055 1160 1138 pravi·
1215 1052 1433 1135 praedicanda
1455 1053 1580 1137 gratiae
1602 1054 1817 1136 amplitudine
1839 1056 2032 1120 satisfaciat:
2056 1056 2194 1138 ideoque

187 1151 296 1220 tatem,
320 1161 403 1225 quae
422 1137 516 1204 nobis
538 1159 559 1205 a
580 1139 770 1222 parentibus
792 1149 842 1205 est
863 1141 1019 1224 ingenite,
1049 1161 1162 1222 pecea-
1215 1136 1392 1204 identidem
1427 1138 1577 1222 pluribus
1610 1140 1719 1206 verbis
1751 1140 1908 1220 inculcat,
1935 1141 2017 1205 nihil
2051 1161 2122 1207 esse
2156 1141 2192 1206 in

188 1241 390 1292 tumueram
414 1226 485 1291 Deo
515 1226 657 1291 censeri:
692 1227 770 1307 quia
798 1245 921 1307 semen,
949 1224 1036 1307 quod
1055 1226 1163 1291 adhuc
1215 1223 1319 1290 salute
1341 1233 1454 1289 nostra
1476 1226 1561 1308 quod
1584 1246 1650 1290 non
1672 1227 1715 1292 sit
1737 1225 1809 1291 Deo
1832 1226 2050 1292 tribuendum.
2088 1225 2191 1292 (lerte

188 1313 276 1391 latet,
305 1312 374 1394 ipse
401 1313 506 1378 cernit
533 1330 571 1376 ac
599 1310 730 1376 iudicat.
775 1311 850 1377 Una
878 1319 985 1377 tamen
1016 1312 1161 1395 quaestio
1215 1311 1270 1393 qui
1307 1310 1573 1392 ingratitudinem
1608 1311 1777 1377 hominum
1814 1315 1875 1376 rite
1909 1310 2089 1396 expendet,
2121 1331 2189 1378 non

187 1398 240 1462 hic
262 1397 412 1474 occurrit,
434 1416 492 1462 eur
507 1395 631 1462 Paulus
647 1395 784 1463 Iudaeos
806 1398 874 1461 irae
889 1407 922 1461 et
944 1397 1161 1462 maledictioni
1216 1395 1359 1461 fastidiet
1382 1395 1467 1462 hano
1486 1397 1696 1481 parenthesin
1718 1397 1811 1480 quasi
1834 1417 2079 1481 supervacuam.

186 1482 338 1549 subiiciat
372 1493 409 1548 ut
441 1482 601 1565 reliquos:
635 1503 737 1565 quum
767 1492 881 1548 tamen
912 1500 1021 1547 essent
1049 1502 1161 1548 semen
1301 1483 1332 1546 6.
1363 1480 1407 1547 Et
1431 1482 1532 1548 sedne
1558 1482 1632 1563 tend
1656 1484 1693 1549 in
1714 1482 1897 1549 metendae.
1943 1483 2041 1565 Quod
2069 1483 2110 1549 do
2139 1503 2190 1549 re·

186 1569 401 1635 benedictum.
447 1568 650 1650 Respondes,
677 1583 829 1632 naturam
852 1589 923 1634 esse
944 1588 1162 1634 communem:
1215 1570 1417 1634 surrectione
1438 1567 1492 1635 hic
1515 1571 1662 1634 meminit
1687 1588 1725 1635 sc
1746 1569 1891 1635 sessione
1914 1571 1948 1633 in
1971 1569 2077 1647 coelis,
2109 1589 2192 1635 non·

185 1655 326 1720 ludaeos
355 1660 488 1719 tantum
519 1654 554 1717 in
583 1654 645 1719 boc
673 1653 804 1719 differre
832 1675 851 1718 a
879 1654 1039 1737 gentibus,
1075 1653 1162 1736 quod
1216 1653 1292 1717 dnm
1309 1655 1439 1736 quidem
1462 1654 1565 1719 oeulis
1585 1654 1738 1721 cernitur.
1767 1655 1902 1739 Verum,
1926 1658 2017 1738 quasi
2040 1655 2075 1719 in
2098 1674 2193 1739 prae·

186 1739 279 1806 Deus
302 1761 367 1822 eos,
390 1740 615 1822 promissionis
630 1742 745 1823 gratio,
767 1738 808 1803 ab
820 1740 921 1805 exitio
935 1739 1062 1806 liberat.
1096 1739 1162 1806 Sed
1216 1741 1300 1804 senti
1333 1741 1535 1823 possessione
1568 1742 1632 1805 iam
1664 1761 1818 1818 essemus,
1850 1761 1888 1806 ea
1910 1741 2065 1808 beneficia
2094 1741 2193 1807 nobis

186 1825 268 1890 illud
297 1836 347 1891 est
373 1825 608 1907 superveniens
636 1824 825 1890 remedium.
870 1826 986 1890 Altera
1007 1827 1161 1909 quaestio,
1216 1824 1333 1889 collata
1355 1834 1440 1892 esset
1455 1825 1566 1891 docet:
1589 1847 1651 1910 quo
1673 1829 1778 1908 magis
1800 1837 1905 1891 status
1928 1829 2031 1892 nostri
2053 1846 2194 1892 conver·

186 1932 285 1993 quum
310 1911 400 1977 Deus
421 1912 464 1975 sit
486 1921 580 1975 autor
602 1921 755 1976 naturae:
784 1923 841 1991 qut
863 1913 920 1976 fiat
942 1922 977 1977 ιιι
1004 1913 1048 1976 sit
1069 1924 1163 1977 extra
1215 1911 1341 1976 sionem
1365 1910 1501 1994 attollat,
1524 1911 1602 1976 dum
1625 1914 1665 1976 ab
1688 1910 1793 1977 Adam
1822 1913 1862 1978 ad
1884 1912 2053 1978 Christum
2076 1913 2194 1977 tradu-

186 1996 325 2079 culpam,
348 2001 375 2062 si
399 2005 518 2061 natura
540 1997 641 2061 simus
661 1995 790 2078 perditi.
827 1997 1031 2080 Respondeo,
1055 1997 1161 2081 dupli·
1215 1997 1329 2061 oimur.
1373 1997 1515 2063 Perinde
1537 1998 1662 2063 scilicet
1684 2019 1721 2065 ao
1740 1999 1768 2063 si
1790 2019 1830 2064 ex
1855 1999 2114 2082 profundissimis
2137 1998 2191 2062 in-

186 2101 256 2148 cem
279 2103 350 2148 esse
373 2093 543 2149 naturam:
571 2082 662 2165 prior
685 2102 704 2147 a
726 2081 798 2147 Deo
820 2092 870 2147 εει
892 2084 1032 2161 condite,
1060 2085 1163 2149 altera
1215 2083 1292 2146 ieris
1325 2083 1366 2147 ad
1399 2083 1525 2149 coelum
1560 2103 1619 2148 uos
1649 2081 1818 2149 transferri
1848 2085 1977 2151 diceret.
2023 2085 2067 2148 Et
2096 2092 2187 2151 certe

186 2172 238 2232 est
271 2168 358 2234 illius
391 2169 566 2250 corruptio.
612 2167 704 2232 Haec
737 2169 838 2251 igitur
871 2167 1037 2234 damnatio
1069 2171 1162 2235 cuiue
1216 2169 1365 2250 quamvis
1391 2168 1479 2233 salus
1505 2181 1617 2234 nostra
1644 2170 1679 2234 in
1702 2189 1760 2252 spe
1788 2171 1831 2235 sit
1860 2171 1966 2237 adhuc
1989 2169 2189 2253 abscondita,

185 2253 336 2318 meminit
358 2253 490 2333 Paulus,
521 2272 724 2336 nequaquam
748 2273 767 2317 a
794 2252 865 2319 Deo
899 2265 1021 2331 manat,
1051 2256 1108 2323 sed
1143 2276 1162 2320 a
1215 2263 1374 2334 quantum
1408 2253 1448 2317 ad
1476 2275 1534 2319 nos
1564 2260 1706 2337 spectat:
1741 2256 1774 2318 iu
1808 2255 1940 2321 Christo
1973 2256 2190 2321 nihilominus

188 2337 365 2422 depravata
388 2349 523 2404 natura:
553 2339 629 2421 quia
652 2359 738 2405 nuno
763 2361 827 2404 non
851 2342 1028 2424 nascimur,
1057 2341 1162 2425 qualis
1215 2337 1340 2403 beatam
1363 2337 1642 2405 immortalitatem
1666 2351 1698 2406 et
1713 2340 1848 2424 gloriam
1866 2343 2077 2426 possidemus.
2108 2341 2189 2407 Ideo

188 2425 282 2490 initio
304 2435 433 2492 creatus
456 2425 519 2489 luit
535 2424 651 2502 Adam,
674 2424 729 2490 sed
753 2446 794 2490 ex
817 2424 976 2510 degenere
991 2439 1024 2491 et
1047 2427 1161 2493 vitioso
1214 2424 1303 2490 addit
1342 2427 1382 2490 in
1424 2424 1609 2492 Christe.
1657 2425 1744 2507 Quia
1784 2426 1926 2492 nondum
1967 2428 2064 2507 baec,
2104 2447 2189 2510 qnae

185 2509 318 2576 homine
339 2511 560 2577 adulterinum
581 2530 703 2576 semen.
1213 2523 1461 2588 commemorat,
1497 2511 1530 2576 in
1564 2513 1718 2577 membris
1751 2526 1925 2596 apparent,
1960 2513 2017 2578 sed
2050 2517 2084 2577 in
2118 2512 2188 2578 solo

1185 2592 1189 2661 l
1213 2599 1333 2679 capite:
1356 2606 1490 2680 propter
1505 2618 1654 2663 arcanam
1672 2609 1780 2663 tamen
1808 2600 1965 2663 unitatem
1984 2598 2024 2662 ad
2041 2597 2190 2664 membra

275 2682 307 2747 4.
340 2682 430 2748 Dens
452 2688 563 2757 autem,
598 2683 652 2762 qni
685 2681 771 2746 dines
791 2688 836 2747 eet
867 2684 902 2748 in
933 2684 1161 2768 misericordia,
1213 2688 1304 2748 certo
1335 2685 1511 2766 pertinent.
1563 2684 1629 2748 Alii
1662 2696 1797 2748 vertunt
1828 2705 1887 2767 per
1909 2684 2094 2750 Christum:
2129 2683 2188 2750 sed

182 2774 313 2850 propter
342 2768 472 2834 multam
504 2787 596 2832 mam
625 2767 825 2850 dilectiorem,
858 2790 922 2851 qne
953 2790 1010 2836 nos
1041 2771 1161 2854 dilexit,
1214 2768 1330 2834 melius
1359 2770 1513 2836 convenit
1551 2770 1585 2834 in
1614 2769 1763 2845 Ohristo,
1809 2782 1941 2854 propter
1970 2770 2057 2834 illam
2087 2787 2187 2852 quam

187 2855 218 2919 5.
253 2855 346 2918 etiam
376 2874 473 2935 wem
490 2873 626 2919 maenus
647 2855 765 2918 mortui
773 2856 919 2937 percotis,
941 2856 1163 2937 cmviuifimuit
1214 2856 1325 2921 notavi
1355 2855 1525 2919 rationem.
1581 2856 1624 2919 Et
1653 2856 1731 2921 hinc
1759 2856 1866 2938 colligi
1897 2856 1993 2921 debet
2019 2855 2188 2920 uberrima

187 2959 257 3003 cnm
282 2937 403 3005 Christo
432 2939 549 3024 (qratia
571 2940 646 3005 eatis
665 2938 804 3024 adnata).
847 2941 877 3005 6.
900 2941 1162 3008 metaneae·
1213 2941 1403 3019 consolatio,
1434 2941 1518 3022 quod
1545 2940 1580 3003 in
1601 2940 1725 3007 Obristi
1750 2962 1886 3024 persona
1916 2954 2042 3007 certum
2065 2942 2189 3025 pignus

186 3024 272 3099 tavit,
306 3030 335 3089 ct
367 3026 470 3091 sedere
500 3025 573 3107 fecit
605 3028 641 3090 in
671 3025 846 3091 coelestibus
874 3027 909 3090 in
933 3026 1056 3096 Christo
1078 3028 1161 3107 Iesu,
1213 3037 1246 3090 et
1275 3027 1434 3109 primitias
1464 3027 1618 3092 habemus
1652 3047 1762 3092 eorum
1786 3028 1941 3106 omnium,
1974 3048 2057 3109 quae
2090 3027 2188 3092 nobis

187 3109 217 3174 7.
240 3114 275 3174 nt
290 3111 512 3176 demonstraret
530 3111 565 3176 in
585 3110 719 3176 samnis
732 3113 1016 3194 anpneenientihns
1037 3134 1162 3198 maspe-
1213 3111 1342 3179 desunt.

188 3200 294 3260 ronna
321 3197 453 3263 divitias
471 3198 597 3281 matius
622 3216 707 3273 enoc,
738 3196 774 3263 in
801 3198 983 3281 benignitate
1010 3220 1084 3283 erpo
1106 3221 1161 3266 nos
1299 3199 1328 3260 7.
1369 3197 1408 3264 Ut
1445 3198 1676 3264 demonstraret.
1735 3198 1860 3263 Iterum
1902 3201 2018 3282 repetit
2056 3218 2189 3264 oausam

183 3283 219 3346 in
243 3279 368 3351 Christo
390 3282 474 3348 Iesu.
1213 3283 1358 3359 finalem,
1389 3293 1427 3348 ut
1450 3303 1486 3348 se
1506 3284 1641 3366 Ephesii
1670 3286 1704 3349 in
1727 3284 1858 3349 assidua
1885 3286 1954 3350 eius
1977 3283 2194 3350 meditatione

1214 3377 1405 3434 exerceant:
1434 3389 1471 3434 ac
1500 3390 1538 3434 so
1562 3370 1628 3434 sint
1658 3370 1697 3434 de
1719 3370 1823 3434 salute
1845 3392 1905 3436 sna
1926 3371 2096 3449 certiores,
2125 3390 2191 3452 quo

271 3456 301 3520 4.
335 3454 425 3520 Dens
446 3460 558 3520 autern
591 3453 747 3539 Sequitur
768 3457 833 3520 iam
856 3455 1034 3521 secundum
1058 3478 1159 3521 mem·
1213 3455 1380 3527 iusb'erem
1412 3455 1480 3520 eius
1502 3475 1633 3521 oausam
1656 3469 1843 3539 agnoscent,
1868 3477 1983 3539 nempe
2007 3468 2043 3520 ut
2067 3455 2190 3539 glorifi-

184 3541 296 3619 brum,
316 3543 410 3608 cuius
432 3562 560 3606 summa
583 3556 641 3616 est,
670 3540 778 3607 Deum
801 3541 961 3624 Ephesios
983 3543 1024 3608 ab
1046 3544 1158 3619 exitio,
1213 3552 1305 3605 cetur
1326 3539 1429 3606 Deus.
1473 3540 1575 3605 Addit
1600 3542 1712 3617 etiam,
1742 3540 1922 3607 Dominum
1945 3543 2088 3608 voluisse
2117 3561 2189 3606 om·

185 3628 237 3692 cui
253 3649 385 3710 prorsus
408 3627 528 3691 addicti
552 3638 655 3707 erant,
677 3627 840 3692 liberasse.
874 3625 940 3692 Sed
964 3628 1037 3693 aliis
1052 3627 1159 3693 verbis
1213 3627 1309 3690 nibus
1326 3626 1463 3691 saeculis
1481 3646 1668 3692 consecrare
1683 3637 1795 3691 tautae
1811 3628 1965 3693 bonitatis
1979 3627 2191 3693 memoriam:

185 3713 299 3779 utitur.
344 3713 446 3790 Deus,
470 3712 526 3795 qui
544 3714 635 3777 dives
658 3725 709 3777 est
731 3714 765 3776 in
788 3713 1017 3792 misericordia,
1045 3714 1159 3794 inquit,
1213 3732 1276 3793 quo
1309 3715 1414 3795 magis
1443 3714 1568 3778 invisos
1590 3713 1712 3791 reddat,
1747 3714 1801 3795 qni
1832 3715 2008 3797 gratuitam
2039 3715 2189 3795 gentium

186 3819 247 3863 vos
277 3821 349 3864 cum
374 3798 508 3864 Christo
531 3799 721 3864 vivificavit.
767 3796 938 3882 Significat
967 3820 1033 3863 non
1060 3799 1158 3864 aliam
1213 3799 1416 3862 vocationem
1446 3798 1693 3881 impugnabant.
1738 3799 1822 3864 Nam
1852 3821 1921 3866 rem
1946 3799 2098 3864 omnibus
2121 3818 2193 3864 sae·

185 3904 258 3950 esse
280 3887 381 3950 vitam
405 3884 534 3949 animae
565 3904 663 3968 quam
697 3904 778 3968 quae
802 3906 820 3948 a
842 3883 975 3948 Obristo
998 3884 1088 3950 nobis
1110 3887 1158 3949 in·
1212 3884 1294 3949 culis
1331 3883 1572 3948 memorabilem
1609 3885 1814 3950 conabantur
1849 3887 1960 3950 statim
1993 3885 2192 3969 opprimere.

185 3971 341 4052 spiratur.
387 3970 498 4049 Quare
532 3981 611 4036 tuuc
641 3971 814 4053 incipimus
837 3972 965 4047 vivere,
995 3990 1092 4052 quum
1123 3971 1159 4034 in
1212 3969 1385 4035 (laetorum
1417 3969 1494 4034 hino
1523 3970 1753 4051 admonemur,
1783 3984 1939 4055 perpetua
1967 3970 2191 4036 recordatione

184 4057 294 4139 ipsum
317 4057 501 4135 inserimur,
527 4070 563 4120 ut
586 4057 733 4122 truamur
755 4057 918 4122 communi
942 4055 1018 4119 vita.
1063 4055 1159 4122 Unde
1212 4054 1438 4121 celebrandam
1475 4076 1544 4120 esse
1578 4057 1832 4123 misericordiam
1865 4057 1944 4133 Dei,
1971 4058 2045 4138 'qna
2078 4065 2190 4136 patres

184 4141 368 4225 colligimus
385 4141 462 4224 quid
486 4153 562 4207 ante
584 4142 784 4208 intellexerit
806 4164 864 4225 per
885 4155 1033 4206 mortem.
1067 4143 1160 4208 Mors
1213 4157 1341 4206 nostros
1373 4140 1527 4224 diguatus
1561 4156 1611 4207 est
1644 4145 1677 4208 in
1711 4144 1864 4226 populum
1900 4163 1995 4206 suum
2026 4152 2191 4224 cooptare.

184 4231 271 4294 enim
306 4228 361 4291 illa
400 4237 434 4292 et
468 4228 548 4294 haec
578 4230 772 4294 resurreetio
809 4249 862 4293 res
895 4238 971 4292 sunt
1012 4230 1098 4292 inter
1125 4250 1160 4293 se
1213 4226 1372 4292 Gentium
1395 4228 1481 4291 enim
1510 4228 1633 4293 vocatio
1656 4228 1802 4293 mirabile
1820 4239 1870 4291 est
1886 4227 2190 4293 divinaebonitatis

183 4314 361 4395 oppositae.
399 4314 471 4380 Hoc
495 4334 591 4396 porro
614 4312 865 4395 incomparabile
888 4314 1077 4379 beneficium
1100 4325 1159 4391 est,
1213 4332 1308 4394 opus,
1339 4312 1423 4394 quod
1447 4313 1523 4377 liliis
1546 4327 1697 4397 parentes
1719 4323 1752 4377 et
1774 4315 1826 4377 avi
1857 4313 2029 4394 nepotibus
2059 4310 2190 4378 tradere

185 4401 272 4463 vitae
306 4398 364 4463 tilii
389 4400 452 4463 Dei
486 4421 545 4465 nos
577 4400 648 4464 fieri
679 4399 861 4481 participes,
896 4411 931 4462 ut
965 4421 1029 4464 uno
1063 4400 1159 4465 simul
1213 4420 1271 4482 per
1289 4418 1405 4462 manus
1423 4396 1551 4477 debent,
1573 4412 1610 4463 ut
1632 4417 1800 4480 nunquam
1823 4420 1863 4462 ex
1880 4397 2048 4464 hominum
2071 4399 2192 4463 animis

184 4484 305 4568 spiritu
334 4497 535 4566 vegetemur.
581 4486 723 4569 Ideoque
756 4485 817 4551 hac
848 4487 881 4550 in
912 4498 1004 4567 parte
1033 4485 1162 4552 extollit
1215 4485 1343 4550 silentio
1366 4482 1521 4549 deleatur.

184 4571 248 4635 Dei
271 4571 538 4655 misericordiam,
561 4573 652 4637 ouius
672 4571 804 4637 divitias
823 4572 1022 4654 praedicans,
1047 4574 1162 4637 libera·
1299 4569 1442 4635 Divitiae
1463 4570 1584 4651 qratia:
1605 4552 1697 4649 aaa&
1716 4569 1751 4633 in
1769 4568 1962 4652 benignitate.
2007 4570 2103 4635 Nunc
2134 4570 2192 4636 de·

183 4656 260 4721 liter
283 4667 317 4721 et
338 4659 509 4740 magnifice
533 4660 632 4724 inisse
655 4660 794 4724 effusam
817 4657 980 4741 intelligit.
1017 4659 1161 4725 Tametsi
1214 4665 1376 4721 monstrat
1399 4656 1450 4721 vel
1478 4657 1669 4739 repetitione
1698 4656 1885 4734 confirmat,
1919 4676 2059 4719 amorem
2095 4655 2199 4721 illum.

184 4758 294 4808 autem
319 4743 370 4809 his
392 4744 501 4810 verbis
531 4755 632 4809 totam
662 4745 802 4810 salutem
825 4753 968 4808 nostram
1006 4745 1068 4808 Dei
1103 4747 1160 4809 mi·
1214 4765 1276 4824 quo
1306 4763 1364 4807 nos
1394 4751 1611 4825 prosequutus
1639 4747 1689 4805 est
1710 4740 1802 4805 Deus
1831 4743 1865 4804 in
1886 4742 2036 4819 Christo,
2067 4763 2108 4807 ex
2131 4745 2192 4807 mi·

185 4829 381 4894 sericordiao
403 4831 566 4910 adscribit,
588 4832 773 4912 expressius
790 4840 899 4894 tamen
918 4829 1072 4894 continue
1087 4838 1161 4912 post
1214 4828 1387 4894 sericordia
1421 4828 1508 4892 oriri.
1553 4826 1643 4893 Dicit
1675 4825 1781 4909 enim,
1816 4837 1852 4892 ut
1882 4829 2078 4911 patefaceret
2107 4849 2188 4911 opu·

184 4936 316 4981 eausam
349 4917 384 4979 in
408 4918 552 4999 gratuita
574 4917 716 4981 bonitate
748 4916 848 4999 locat,
883 4916 937 4980 ubi
968 4915 1064 4996 dicit,
1099 4916 1161 4980 hoo
1214 4914 1348 4980 lentiam
1384 4915 1508 4997 gratiae
1541 4932 1627 4978 suae.
1674 4910 1865 4992 Quomodo?
1911 4913 1951 4977 In
1987 4913 2192 4996 benignitate

183 5003 307 5068 tactum
330 5022 401 5066 esse
424 5014 556 5083 prepter
578 5002 714 5066 multam
739 5001 956 5066 dilectionem:
994 5001 1079 5066 Nam
1099 5001 1161 5067 hac
1214 5020 1293 5083 erga
1315 5020 1383 5078 nos,
1407 5010 1562 5080 tanquam
1584 4997 1732 5063 arborem
1755 4998 1878 5065 scilicet
1901 5001 1936 5063 in
1960 5001 2075 5064 fructu.
2113 4986 2190 5064 Noh

187 5086 256 5150 sola
279 5088 536 5152 consideratione
558 5099 682 5153 motum
715 5086 814 5152 inisse
837 5086 959 5161 Deum,
988 5088 1159 5170 significat
1214 5094 1341 5150 tantum
1365 5086 1464 5168 igitur
1478 5086 1659 5166 gratuitum
1676 5082 1739 5148 Dei
1760 5105 1902 5150 amorem
1919 5084 2018 5150 luisse
2036 5087 2190 5161 affirmat,

186 5170 473 5250 Quemadmodum
494 5185 526 5237 et
542 5172 704 5239 lohannes
722 5172 799 5237 dicit
814 5170 845 5256 (1
864 5174 923 5253 llp.
940 5173 969 5247 4,
987 5171 1051 5253 10).
1085 5172 1159 5239 Non
1214 5172 1269 5237 sed
1286 5172 1394 5235 Deum
1416 5190 1544 5252 quoque
1567 5171 1600 5234 in
1624 5189 1661 5234 eo
1679 5169 1868 5234 exhibuisse
1890 5171 2089 5252 opulentiam
2114 5191 2189 5256 gra·

186 5256 263 5340 quia
286 5260 411 5341 priores
435 5257 648 5323 dilexerimus
670 5279 756 5341 enm,
779 5259 834 5323 sed
857 5260 926 5340 ipse
945 5260 1031 5340 prior
1047 5258 1161 5323 dilexit
1213 5257 1279 5320 tiae
1313 5276 1401 5333 suae,
1434 5275 1540 5337 neque
1571 5276 1642 5320 eam
1671 5255 1858 5339 vulgarem,
1893 5257 1949 5321 sed
1983 5256 2195 5322 eminentem.
