4762 6016
551 1405 735 1487 CAPUT
757 1405 790 1485 Ι,
1184 1402 1280 1575 'mos
1307 1424 1373 1470 esse
1401 1403 1530 1471 illorum
1557 1402 1732 1486 protentus:
1761 1424 1822 1487 quo
1851 1403 1977 1487 turpior
2009 1408 2056 1468 est
2082 1407 2198 1471 nostra

1213 1490 1369 1575 saeuitiae,
1398 1490 1475 1556 dum
1500 1490 1557 1556 oin
1573 1489 1687 1572 pedem
1715 1509 1815 1557 unum
1842 1489 1933 1574 nepo
1957 1495 2093 1572 empore
2116 1509 2197 1572 pro-

269 1577 297 1642 1.
333 1574 466 1652 Puta,
495 1571 706 1654 ostona,
737 1579 767 1641 st
797 1574 985 1656 Tiniotlseus,
1018 1575 1161 1643 ecelesiae
1212 1596 1379 1644 ramanus.

185 1661 510 1729 Thessalonioensium
540 1660 577 1725 in
605 1658 673 1727 Deo
699 1663 794 1743 patro
824 1664 929 1727 nostro
960 1666 989 1729 ot
1020 1659 1159 1728 Domino
1299 1662 1330 1727 3.
1349 1661 1614 1744 Quemadmodum
1626 1661 1758 1747 dunum
1771 1665 1823 1727 eat.
1847 1658 2034 1727 Hisssrbis
2048 1658 2197 1728 ostendit

112 1754 119 1769 '
184 1750 260 1816 Iesu
292 1745 426 1823 Christo,
478 1747 508 1812 2.
568 1746 637 1812 otia
661 1745 748 1812 vodis
776 1749 897 1829 etpoa
924 1766 946 1812 o
975 1746 1045 1813 Deo
1068 1753 1161 1830 patre
1213 1746 1348 1827 Paulus,
1371 1767 1433 1813 nos
1454 1746 1496 1813 ad
1518 1748 1641 1832 gratiss
1663 1748 1735 1813 Deo
1757 1744 1902 1830 agendm
1922 1746 2097 1830 obstringi,
2126 1765 2196 1813 non

184 1839 287 1900 rsostro
307 1838 335 1898 et
355 1832 494 1899 Domino
536 1851 593 1898 esu
608 1829 741 1898 aaron
785 1832 816 1897 3.
842 1832 976 1899 Gratias
997 1853 1089 1916 apere
1110 1834 1161 1900 de·
1213 1832 1310 1899 modo
1333 1854 1433 1918 quum
1455 1833 1550 1899 nobis
1573 1833 1742 1911 beneiaeit,
1772 1830 1830 1900 ssd
1858 1831 1958 1896 etiam
1987 1852 2089 1916 quum
2119 1832 2194 1900 ιίιιι

184 1920 292 1984 demus
313 1918 384 1984 Deo
404 1936 526 1998 sennar
550 1917 589 1984 de
615 1916 710 1995 uobis,
738 1917 867 2001 tratres,
898 1919 1161 2000 quemadmodum
1213 1940 1293 2003 erga
1314 1918 1433 1985 iratres
1462 1927 1591 1984 nostros
1613 1917 1770 1985 benefieiis
1799 1926 1998 2001 reputamus.
2044 1917 2196 1985 Ubieun·

184 2005 315 2089 dipsium
336 2007 389 2081 est,
417 2004 496 2085 quia
516 2001 705 2070 ommenter
732 2005 871 2088 auqesdt
891 2005 970 2086 fides
992 2010 1103 2085 vestra,
1133 2010 1162 2071 et
1236 2025 1278 2070 ne
1299 2005 1387 2070 enim
1410 2004 1534 2070 reluoet
1551 2004 1614 2070 Dei
1636 2003 1774 2082 bonitas,
1795 2002 1893 2069 laude
1915 2005 2021 2088 ipsam
2039 2004 2196 2088 prosequi

184 2088 330 2156 anubem
343 2089 585 2155 oaritasmutua
599 2089 847 2171 uniusouiusque
858 2091 997 2157 omniurn
1011 2095 1162 2157 venun.-
1214 2026 1314 2157 ieost.
1361 2091 1487 2156 Deinde
1516 2089 1564 2155 sio
1592 2109 1669 2155 onrs
1693 2091 1787 2156 nobis
1824 2110 1897 2156 esse
1929 2088 2024 2155 debet
2050 2089 2195 2156 fratrum

184 2176 215 2242 4.
237 2180 273 2242 ut
293 2175 438 2258 nosipsi
458 2173 497 2240 de
516 2175 602 2241 uobis
622 2173 794 2257 paramur
815 2176 850 2240 in
883 2176 1018 2243 eodesiis
1040 2176 1104 2244 Dei
1124 2178 1162 2243 de
1214 2176 1311 2258 salus,
1340 2187 1376 2241 ut
1398 2175 1555 2259 quidquid
1583 2175 1650 2241 illis
1677 2175 1791 2245 datum
1819 2183 1878 2255 est,
1908 2173 2084 2241 debeamus
2105 2175 2201 2251 inter,

184 2261 351 2327 mantia
371 2266 475 2325 oestro
496 2266 526 2325 et
549 2261 612 2341 fide
639 2262 675 2325 in
698 2259 840 2326 omnibus
864 2262 1163 2346 persequutionibus
1215 2263 1300 2328 bona
1331 2273 1446 2328 nostra
1476 2282 1619 2327 sensere.
1674 2261 1764 2343 Quin
1796 2262 1897 2328 etism
1931 2260 1959 2326 si
2000 2268 2193 2343 reputamus

183 2348 295 2413 omnm
310 2351 337 2411 et
351 2346 585 2428 afflictionibus,
606 2365 688 2428 quas
701 2348 871 2429 sustinetis,
907 2347 938 2412 5.
960 2349 1162 2414 ostensionem
1215 2349 1319 2431 qualis
1350 2359 1383 2413 et
1404 2367 1503 2430 quam
1532 2355 1646 2413 saneta
1673 2349 1717 2412 sit
1749 2348 1892 2431 eorporis
1915 2345 2039 2413 Christi
2070 2347 2203 2427 unitas„

184 2433 264 2499 iusti
282 2433 394 2498 iudicii
415 2432 498 2498 Dei.-
519 2438 553 2497 ut
574 2432 667 2514 dipni
688 2430 866 2499 imbeomini
887 2454 979 2517 repno
1000 2433 1073 2514 Dei,
1100 2453 1162 2514 pro
1216 2433 1339 2518 vigebit
1353 2433 1432 2499 haee
1448 2439 1562 2498 mutus
1577 2433 1663 2498 inter
1677 2454 1737 2499 nos
1751 2432 2011 2514 annuntiatio,
2026 2440 2065 2497 nt
2080 2433 2192 2498 nnius·

185 2539 245 2603 quo
263 2523 291 2584 et
303 2518 469 2599 patimini.
513 2520 542 2583 6.
567 2516 744 2599 Siquidem
766 2519 884 2585 iustum
898 2527 941 2585 est
955 2521 1043 2600 opud
1057 2520 1162 2587 Deum
1215 2520 1373 2603 uniusque
1396 2519 1533 2584 membri
1557 2519 1640 2584 bons
1662 2520 1695 2582 in
1719 2519 1809 2585 luero
1831 2519 1932 2584 tonus
1958 2516 2114 2584 eoelesise
2135 2516 2191 2583 de·

183 2605 386 2684 redderetis,
408 2604 464 2685 qui
485 2624 538 2670 vos
552 2604 710 2686 asstipunt,
731 2603 945 2684 ofdudonem:
975 2607 1003 2671 7.
1028 2605 1161 2684 ιιυοόἱι,
1215 2617 1378 2688 putemus.
1423 2605 1513 2689 llrgo
1539 2606 1572 2670 in
1596 2602 1767 2671 laudandis
1789 2603 1854 2668 Dei
1876 2603 2043 2670 benefieiis
2065 2622 2192 2686 semper

185 2691 241 2772 qui
262 2690 455 2773 affliqimini,
477 2690 701 2756 relaxationem
722 2690 894 2757 nobiscnm:
1215 2691 1419 2774 respioienda
1441 2703 1491 2756 est
1513 2688 1667 2757 eoelasias
1688 2691 1898 2758 universitas.

1301 2777 1331 2841 4.
1361 2776 1401 2843 Ut
1421 2777 1562 2858 nosipsi
1581 2776 1620 2841 de
1641 2776 1738 2842 vodis.
1771 2775 1846 2841 Non
1869 2775 1976 2858 potnit
1998 2772 2189 2857 ampliorem

274 2861 303 2926 1.
327 2859 487 2927 Ecclesiae
500 2862 536 2926 in
549 2862 628 2931 Deo.
667 2866 720 2932 De
733 2868 837 2948 inmo
854 2863 1057 2930 salutationis
1071 2862 1163 2928 oerda
1216 2862 1281 2928 illis
1303 2862 1433 2927 laudem
1456 2863 1610 2944 tribuere,
1641 2881 1739 2943 qoam
1762 2881 1862 2944 quum
1885 2861 1964 2927 dioit
1985 2881 2021 2926 se
2042 2860 2116 2927 aliis
2144 2880 2193 2925 eo·

183 2948 297 3031 saone,
318 2966 550 3028 superuacuum
569 2951 657 3031 toret.
701 2952 771 3018 Hoe
791 2949 880 3014 modo
901 2955 1008 3014 notatu
1032 2949 1163 3033 diqnum
1216 2948 1323 3014 elesiis
1353 2949 1439 3032 ipsos
1471 2968 1651 3031 proponere
1680 2949 1713 3012 in
1744 2945 1928 3030 exemplar:
1959 2946 1991 3011 id
2021 2946 2110 3011 enim
2132 2946 2192 3012 sibi

185 3039 239 3114 ast,
259 3031 417 3100 mesiam
437 3033 474 3098 in
494 3033 563 3100 Deo
584 3041 612 3101 et
633 3036 756 3104 Christo
777 3035 840 3101 diei
861 3055 941 3117 quae
961 3054 1024 3099 non
1043 3039 1164 3100 teritum
1217 3034 1332 3099 volunt
1360 3034 1439 3098 hneo
1469 3037 1586 3100 verbs:
1605 3031 1796 3099 Gloriamur
1823 3033 1856 3097 in
1886 3031 1980 3098 vobis
2002 3031 2089 3114 apud
2111 3031 2192 3098 alias

186 3119 309 3185 coCeota
329 3123 375 3185 est
400 3118 458 3184 sud
476 3119 552 3200 fidei
578 3123 701 3203 oeoitlo,
733 3128 766 3188 ut
788 3120 893 3187 Deion
923 3141 1022 3185 unum
1039 3126 1164 3203 patrem
1216 3119 1377 3186 ecelesias.
1417 3120 1530 3202 Neque
1553 3119 1639 3184 enirn
1662 3117 1832 3184 ambitiose
1850 3114 2192 3184 stenelonioensium

185 3204 265 3271 eolat
285 3211 313 3270 et
333 3207 370 3271 in
391 3203 552 3271 Christum
573 3210 724 3290 confidat:
743 3209 799 3274 sed
819 3228 898 3290 quoe
923 3227 1002 3290 opus
1021 3227 1058 3273 oo
1078 3207 1163 3272 aedi-
1216 3207 1313 3271 fidem
1337 3205 1477 3271 instabat
1497 3204 1641 3271 Paulus:
1663 3202 1721 3271 ead
1743 3209 1907 3287 quatenus
1929 3223 2042 3269 sorum
2066 3201 2192 3286 praedi·

183 3289 293 3370 ficium
318 3294 364 3355 est
390 3295 456 3356 tam
476 3293 586 3372 patris
616 3315 711 3377 quarn
735 3293 872 3361 Christi:
899 3294 976 3376 quia
1003 3293 1078 3358 dnm
1107 3312 1165 3359 nos
1216 3292 1300 3358 entia
1333 3290 1485 3358 stimulus
1517 3311 1588 3357 esse
1609 3297 1740 3373 poterat
1760 3289 1801 3354 ud
1823 3289 2015 3355 imitationis
2037 3287 2192 3354 studium.

185 3374 248 3440 sedi
268 3373 359 3441 Deus
379 3376 510 3457 adoptat
529 3383 557 3442 et
576 3385 748 3464 reponerat,
771 3401 808 3445 en
823 3382 894 3461 ipso
910 3399 976 3445 esse
994 3379 1164 3462 iruoipimus
1217 3377 1391 3444 Caeterum
1423 3397 1489 3442 non
1519 3375 1597 3443 dieit
1626 3395 1661 3441 se
1690 3376 1824 3461 gloriari
1846 3374 1971 3440 deiide
1992 3374 2140 3458 ipsorum
2161 3380 2193 3440 et

186 3459 221 3526 in
246 3458 370 3542 Clsristo
391 3461 436 3546 (1.
455 3460 590 3531 Corinth.
609 3471 640 3545 1,
664 3465 732 3551 30).
1216 3465 1369 3547 saritam,
1402 3463 1459 3528 sed
1491 3461 1531 3528 de
1560 3460 1716 3546 patientis
1744 3469 1778 3527 et
1805 3460 1883 3527 lide:
1916 3460 2005 3527 unde
2036 3459 2192 3544 seqnitur,

272 3546 305 3611 2.
329 3545 464 3613 Cratios
484 3569 586 3632 opere
631 3552 752 3635 lneipit
774 3572 793 3617 n
814 3549 920 3632 laude,
942 3560 978 3617 nt
993 3550 1055 3616 sibi
1075 3561 1163 3615 tran·
1217 3549 1408 3634 patientiam
1425 3550 1568 3614 iruotum
1589 3567 1661 3613 esse
1682 3566 1720 3612 ao
1742 3546 1966 3613 testimoninm
1987 3544 2073 3613 fidei
2114 3544 2192 3611 Ideo

188 3633 289 3698 sitnm
312 3631 353 3698 nd
382 3633 640 3703 cohortationem
665 3638 775 3704 insint:
805 3638 852 3703 sio
880 3637 968 3703 enim
998 3638 1071 3718 plus
1092 3657 1165 3721 pro·
1217 3637 1264 3702 sie
1279 3634 1399 3700 resolvi
1414 3634 1534 3700 debent
1555 3633 1636 3700 haee
1657 3633 1774 3700 verbs:
1796 3632 1985 3699 Gloriamnr
2006 3631 2046 3698 ds
2068 3628 2192 3716 patien-

186 3717 316 3784 fioimus
336 3718 423 3801 apud
439 3740 494 3785 eos
516 3723 571 3803 qui
589 3722 655 3788 inm
677 3723 714 3788 in
736 3743 833 3789 ouran
855 3731 943 3802 sunt,
966 3724 1054 3806 dum,
1072 3742 1165 3805 supe·
1218 3723 1274 3804 tin,
1297 3742 1381 3804 quse
1396 3743 1437 3787 ex
1457 3719 1521 3786 lide
1543 3719 1704 3805 provenit,
1730 3729 1764 3784 et
1785 3739 1856 3785 enm
1879 3723 2022 3785 metatur
2042 3719 2080 3782 in
2102 3716 2192 3784 robis

187 3804 290 3869 riores
319 3824 431 3870 eornm
458 3825 519 3888 pra
614 3829 653 3874 us
682 3830 747 3874 non
776 3808 924 3889 taoendo,
952 3810 1165 3875 admonemus
1217 3807 1392 3875 exoellere:
1426 3807 1547 3890 alioqui
1580 3827 1647 3871 non
1680 3814 1878 3890 eongrneret
1909 3813 2092 3871 oontextus.
2147 3804 2192 3870 Et

187 3895 350 3972 qnantum
377 3889 485 3956 adhue
536 3892 635 3959 ‘tent
664 3902 805 3976 amota,
831 3903 866 3960 et
893 3895 1100 3961 stimulamus
1123 3893 1164 3960 ad
1218 3902 1306 3961 osrte
1321 3893 1405 3961 nihil
1420 3903 1471 3961 est
1488 3891 1573 3976 qnod
1596 3913 1657 3959 nos
1680 3892 1839 3959 sustineat
1860 3890 1894 3957 in
1918 3889 2191 3973 tribulationibus,

187 3974 401 4060 pergendum.
446 3975 610 4057 Quoniam
638 3991 747 4047 autem
770 3981 877 4064 priore
903 3980 1040 4063 epistole
1066 3980 1164 4047 fidem
1218 4001 1316 4064 quam
1348 3979 1438 4047 tides.
1483 3977 1581 4060 Quod
1604 3977 1680 4044 inde
1702 3976 1782 4045 satis
1808 3984 1916 4061 patet,
1946 3977 2032 4061 qnia,
2054 3974 2192 4042 simulne

187 4080 300 4127 eornm
315 4071 354 4161 ⁸et
374 4061 545 4129 osntntem
567 4063 770 4146 laudaverat,
793 4066 1065 4167 nunopraedioat
1085 4069 1164 4132 utri·
1217 4066 1282 4131 Dei
1298 4066 1527 4167 promissiones
1539 4084 1601 4164 nos
1616 4064 1757 4149 luponi,
1780 4063 1842 4128 toti
1865 4062 2065 4162 oollsbimnr.
2101 4061 2134 4128 R

187 4166 297 4298 till}
312 4156 528 4331 sitiit
543 4151 1165 4320 „Elumltttlssltffititn
1217 4169 1567 4303 sterilensis?
1589 4147 2191 4332 attitulationis.

187 4337 354 4402 quousque
376 4328 442 4384 sint
464 4325 637 4406 progressi.
674 4323 767 4390 Haeo
782 4325 884 4408 igitur
899 4344 977 4390 vera
995 4323 1068 4391 laus
1087 4321 1163 4390 fido
1216 4322 1350 4386 modum
1373 4343 1488 4389 rursus
1520 4320 1674 4388 mollities
1695 4330 1730 4386 et
1751 4320 1956 4404 impatientia
1986 4340 2023 4384 ιιι
2044 4319 2190 4386 adrosis

187 4400 279 4483 lium,
301 4404 329 4470 si
351 4404 388 4468 in
410 4403 479 4471 dies
501 4418 648 4475 oresoant
669 4410 703 4473 in
727 4409 790 4475 fide
812 4421 845 4475 et
862 4411 1007 4476 earitats.
1052 4409 1163 4491 Quum
1216 4406 1445 4475 infidelitatem
1477 4415 1623 4474 nostram
1651 4404 1774 4489 arguit:
1808 4406 1998 4490 praesertim
2026 4424 2105 4472 vero
2135 4404 2189 4472 nbi

188 4487 280 4567 elisit,
315 4509 484 4573 semper,
517 4494 680 4576 signifieat
712 4496 773 4561 eibi
803 4495 934 4561 assidue
963 4494 1164 4579 suppeditari
1216 4492 1428 4561 sustinendas
1445 4497 1524 4561 sunt
1546 4512 1605 4575 pro
1619 4489 1803 4575 Evangelio
1824 4490 2102 4575 persequutiones,
2124 4489 2189 4557 illio

187 4594 309 4640 novam
326 4577 509 4644 materiam.
546 4581 645 4646 Prius
659 4581 781 4665 gratiss
799 4581 839 4646 de
854 4581 934 4665 ipsis
947 4590 1062 4666 egerat
1076 4581 1164 4648 Deo:
1217 4600 1252 4646 se
1275 4582 1397 4662 profert
1419 4580 1471 4645 vis
1492 4577 1577 4644 fidei.

187 4680 277 4727 nuno
306 4659 386 4728 dieit
407 4681 478 4729 esse
500 4686 600 4750 quere
628 4687 742 4732 rursus
768 4676 854 4751 agat,
884 4688 1003 4751 nempe
1031 4676 1165 4751 propter
1303 4664 1333 4730 ὅ.
1361 4665 1573 4732 ostensionem
1600 4661 1678 4728 iusti
1706 4660 1821 4728 iudicii
1841 4662 1916 4729 Dei.
1961 4661 2113 4729 Aliorum
2135 4682 2190 4729 ex·

188 4747 395 4900 ffitidianos
417 4768 620 4835 progressus.
665 4751 777 4833 Quum
806 4762 916 4819 sutem
943 4753 1068 4838 gratiss
1095 4752 1165 4837 agit
1216 4751 1394 4837 positiones
1409 4751 1540 4817 omitto:
1563 4747 1653 4813 huno
1667 4759 1747 4829 puto
1761 4749 1943 4833 genuinum
1959 4768 2030 4815 esse
2047 4766 2190 4824 sensum

282 4834 344 4902 hoo
367 4834 507 4916 nomine,
537 4840 578 4905 ab
606 4840 676 4922 ipso
706 4859 776 4905 asse
798 4845 939 4905 testatur
965 4860 1030 4905 non
1052 4839 1164 4904 minus
1217 4837 1305 4921 quod
1327 4837 1467 4903 iniuriae
1492 4842 1527 4900 et
1548 4832 1823 4917 persequutiones,
1845 4854 1928 4917 quas
1946 4834 2139 4900 innoeentes
2159 4843 2191 4898 et

188 4918 401 5000 inerementn,
430 4941 528 5003 quam
556 4926 686 4991 initium
713 4924 790 4991 fidei
818 4931 851 4989 st
880 4926 1035 4992 enrimtis.
1079 4923 1164 4988 Nam
1217 4924 1263 5007 pii
1293 4922 1335 4989 sb
1366 4921 1523 5006 improbis
1556 4927 1589 4984 et
1620 4917 1789 4986 seeleratis
1820 4919 1998 5000 emtinsnt,
2031 4919 2125 5002 qnasi
2157 4918 2189 4984 in

188 5006 349 5072 siesssnt
370 5027 410 5073 ox
434 5009 556 5075 virtute
579 5010 759 5090 hominum,
781 5011 859 5077 fieta
879 5020 975 5091 esset,
997 5014 1055 5077 sut
1076 5016 1165 5076 uerte
1217 5009 1348 5093 speonlo
1381 5008 1606 5073 demonstrent
1635 5004 1743 5071 Deum
1777 5005 1846 5070 iore
1876 5003 2049 5089 aliquando
2078 5001 2190 5071 mnndi

189 5088 229 5155 de
257 5092 361 5159 nihilo
388 5096 568 5177 gratiarum
598 5099 692 5162 aetio
736 5096 905 5164 Praeterea
933 5095 1072 5178 ostendit,
1101 5113 1165 5161 non
1217 5094 1369 5162 indieem.
1422 5096 1471 5158 Ao
1503 5089 1635 5155 omnino
1664 5089 1746 5157 haee
1773 5091 1937 5157 sententia
1967 5089 2190 5174 antistrophas

188 5175 340 5262 vulpares,
368 5200 405 5246 oo
426 5201 465 5247 ne
484 5181 651 5249 medioeres
672 5184 798 5265 quidem
825 5182 939 5266 solum,
966 5182 1022 5249 sod
1042 5181 1164 5248 uberri-
1217 5184 1267 5245 est
1285 5178 1440 5262 profanae
1461 5176 1617 5259 opinioni,
1639 5196 1737 5259 qnam
1760 5177 1931 5258 oonoipsrs
1952 5174 2095 5244 solemus
2117 5196 2192 5259 quo·
