4762 6016
200 352 243 415 49
1071 350 1223 418 cartu
1244 349 1308 416 111.
2161 353 2210 422 50

199 560 274 631 post
305 547 427 612 iactum
458 545 636 613 iuvenitur.
693 544 758 611 Hic
789 545 878 611 enim
911 545 1051 610 maxime
1082 543 1172 610 valet
1308 542 1360 609 10.
1400 540 1441 611 Ut
1474 561 1666 628 mpnoecoot
1690 545 1808 626 ipsam.
1861 543 2030 612 Describit
2063 547 2133 613 vim
2164 558 2203 614 ιι

198 630 324 700 dictum
354 629 444 706 illud,
473 631 642 713 perierem,
676 630 741 695 nisi
771 631 949 714 periissem.
993 628 1061 697 Sed
1094 629 1171 713 quia
1221 636 1372 696 naturum
1404 627 1498 694 fidei:
1532 627 1617 713 quod
1650 629 1774 696 scilicet
1806 630 1850 694 sit
1881 628 2008 698 Christi
2039 632 2201 717 cognitio:

197 717 337 784 verbum
358 715 543 801 εὑρίσκομαι
571 716 606 781 in
638 715 769 800 passiva
790 715 1022 783 terminatione
1042 714 1169 799 signifi·
1221 736 1282 782 neo
1303 736 1342 781 ea
1363 712 1453 780 nuda
1474 712 1528 779 vel
1549 714 1694 794 confusa,
1716 714 1774 782 sed
1796 714 1875 781 dum
1898 717 2077 800 percipitur
2095 720 2201 787 virtue

195 804 359 870 catiouem
382 803 482 868 habet
502 801 654 879 activam,
681 806 825 884 tuaeque
846 822 922 869 recu
946 821 1039 869 erare
1068 800 1170 885 signi·
1220 800 1468 868 resurrectionis
1481 799 1594 882 ipsius.
1627 799 1980 868 Resurrectionem
2007 803 2117 887 posuit
2138 824 2200 888 pro

195 889 274 956 licat
294 888 381 970 quod
402 895 518 972 sponte
543 886 690 971 cesseris,
718 885 911 969 quomadmo
936 908 991 952 um
1019 885 1169 972 pluribus
1220 884 1452 971 redemptionis
1480 883 1735 970 complemento:
1763 886 1812 953 ita
1839 895 1878 952 ut
1906 893 2044 954 mortem
2072 889 2133 957 sub
2161 910 2199 957 se

195 973 357 1057 exemplis
372 971 526 1039 Budaeus
548 971 766 1039 demonstrat:
787 991 855 1038 nou
869 971 1016 1040 dubitavi
1033 972 1074 1037 ab
1089 972 1168 1037 alio·
1219 973 1395 1039 contineat.
1432 969 1500 1038 Sed
1522 971 1599 1055 quia
1620 990 1737 1055 parum
1753 980 1812 1054 est,
1834 970 2006 1039 Christum
2022 993 2200 1059 Quoocere

195 1078 270 1124 rum
303 1058 456 1142 opinione
483 1056 661 1124 discedere.
703 1056 790 1124 Nam
823 1058 887 1125 hoc
915 1056 1010 1124 medo
1042 1058 1168 1141 plenior
1219 1058 1411 1123 crucifixum
1443 1065 1478 1123 et
1509 1056 1689 1122 excitatum
1722 1077 1742 1120 a
1774 1056 1924 1142 mortuis,
1957 1058 2023 1126 nisi
2055 1060 2200 1127 fructum

195 1143 260 1209 erit
283 1163 399 1209 ιιιιιιιι
420 1151 455 1211 ιι
468 1143 600 1211 uberior
617 1142 782 1210 doctrina:
804 1142 944 1209 Paulum
963 1145 1168 1210 renuntiasse
1220 1163 1347 1226 quoque
1375 1140 1618 1226 apprehendas:
1649 1141 1844 1209 nominatim
1867 1142 1907 1210 de
1928 1141 2071 1212 efficacia
2093 1145 2201 1231 loqui·

193 1229 347 1296 omnibus
393 1248 456 1297 ute
475 1226 628 1312 habebat,
658 1236 695 1294 ιιι
723 1240 933 1312 recuperaret
959 1230 994 1295 iu
1017 1227 1167 1296 Christo:
1219 1238 1284 1295 tur.
1321 1229 1415 1295 Nono
1435 1248 1515 1313 erge
1536 1227 1599 1293 rite
1616 1229 1825 1312 cognoscitur
1842 1228 2007 1314 Obristus,
2029 1228 2107 1297 dum
2125 1252 2202 1298 sen·

194 1316 293 1399 idque
324 1336 357 1381 m
393 1314 442 1381 ἰιι
474 1314 578 1380 verbo
608 1313 834 1381 lucrifaciendi
867 1315 1057 1398 respondet,
1090 1316 1168 1397 quia
1219 1314 1319 1381 timus
1341 1312 1420 1397 quid
1443 1315 1551 1379 valcat
1572 1332 1662 1380 mors
1683 1314 1754 1381 cius
1776 1323 1811 1381 ιι
1832 1317 2036 1391 resurrectio,
2062 1326 2096 1383 et
2117 1338 2200 1400 qua·

193 1401 357 1502 significat
371 1420 437 1466 non
451 1400 609 1500 exiguum
623 1397 706 1464 illud
720 1411 779 1498 aut
794 1399 929 1498 vulgare
943 1399 1166 1478 cssclucrum,
1218 1399 1293 1466 liter
1321 1400 1357 1465 iu
1385 1399 1478 1500 nobis
1504 1400 1556 1500 eit·
1569 1400 1696 1500 efficax.
1741 1398 1864 1501 Omnia
1885 1409 2004 1503 autem
2017 1400 2084 1501 illic
2102 1402 2199 1502 nobis

192 1483 1064 1656 atlete.t..⁰.t³t·tt.⁰t⁰t.lsstttl..lt
1079 1497 1167 1637 tlt
1217 1484 2201 1670 2⁰32.ertittttlttt.²il¹tt.?⁰t:tt.¹.¹lt;tt

190 1669 226 1724 et
246 1657 416 1724 exinaniti.
460 1656 549 1740 Quia
577 1676 658 1739 quae
679 1664 756 1722 aute
777 1656 859 1723 falso
880 1676 941 1722 uos
965 1656 1086 1723 habers
1108 1678 1166 1740 pu·
1216 1657 1304 1743 sitio,
1325 1677 1400 1741 spes
1422 1656 1535 1721 ιιιιιι
1556 1655 1824 1723 immortalitatis.

190 1746 345 1824 tammus,
367 1752 447 1810 tunc
461 1741 638 1828 incipimus
658 1763 735 1808 vere
748 1742 906 1808 obtinere.
950 1741 1072 1808 Melius
1087 1763 1166 1824 ergo
1302 1741 1347 1808 at
1373 1742 1676 1809 communicationem
1699 1744 1898 1826 portionum.
1947 1743 2126 1828 Postquam
2157 1743 2199 1810 de

190 1829 500 1929 deleretquentae
521 1830 590 1928 siut
612 1826 917 1929 Obriatiodivitiao:
938 1829 1016 1914 quia
1037 1827 1165 1912 inipso
1216 1828 1361 1981 grutuita
1392 1828 1515 1893 iustitia
1547 1827 1700 1927 loquutus
1732 1838 1791 1908 est,
1828 1850 1925 1931 quam
1959 1831 2200 1929 resurrectione

186 1926 620 2068 conseffimffigmgt
633 1933 988 2099 gisibwjlneignie
1010 1999 1112 2081 locus,
1136 1999 1165 2067 ιι
1216 1912 2007 2098 ιιῗιιιῧιίιιξξιᾞιιίιῗιθιοιξὲηιοιιιὶὲἔιιιευοιιιιιιὲιέιξ
2024 1914 2200 2067 iiiimxiii·

186 2088 264 2170 quie
283 2095 409 2153 certam
437 2087 584 2153 iustitiae
613 2085 688 2151 fidei
711 2085 935 2151 defimtronem
966 2086 1086 2152 habere
1108 2105 1165 2152 ou·
1217 2084 1343 2166 ducere,
1365 2104 1448 2168 quae
1470 2084 1578 2152 nullos
1596 2093 1706 2169 ponat
1726 2086 1863 2153 effectus
1880 2087 1916 2152 iu
1937 2088 2015 2154 vita.
2051 2087 2097 2152 Ει
2118 2087 2197 2155 sub·

187 2173 275 2256 piat,
310 2183 345 2238 et
376 2182 488 2239 tenere
520 2191 635 2238 veram
667 2171 737 2237 eins
770 2179 934 2238 naturum.
990 2171 1167 2252 Comparat
1215 2171 1348 2250 iudicat,
1377 2172 1458 2239 haec
1480 2191 1551 2238 esse
1573 2170 1682 2237 studia
1703 2171 1823 2254 quibus
1844 2174 1990 2239 exerceri
2012 2193 2089 2239 suos
2110 2171 2198 2238 velit

186 2258 277 2325 enim
311 2258 365 2324 hic
398 2257 522 2323 Paulus
554 2256 635 2324 duas
669 2256 813 2323 iustitias
844 2258 932 2323 inter
963 2279 1006 2323 se.
1054 2255 1165 2323 Unam
1216 2255 1399 2326 Dominus:
1436 2277 1536 2341 quum
1571 2256 1683 2323 ieiuna
1717 2258 1993 2324 caeremoniarum
2030 2257 2196 2324 elementa

185 2342 267 2411 dicit
292 2364 364 2410 esse
399 2344 562 2428 propriam
596 2342 748 2422 hominis,
802 2363 878 2408 uam
912 2343 1048 2409 eundem
1083 2342 1185 2427 legis·
1217 2340 1477 2427 pseudoapostoli
1505 2341 1726 2409 obtruderent.
1771 2342 1837 2424 Qui
1867 2363 1945 2427 ergo
1973 2341 2039 2409 lide
2060 2362 2195 2428 compos

187 2429 343 2495 iustitiam
365 2429 524 2513 appellat:
555 2428 692 2495 alteram
721 2449 764 2494 ex
820 2448 859 2494 eo
888 2449 961 2495 esse
989 2426 1099 2507 tradit,
1132 2436 1165 2494 ιι
1217 2434 1268 2494 ιιι
1297 2430 1400 2495 faetus
1422 2429 1570 2495 omnium
1592 2429 1753 2496 bonorum
1775 2428 1910 2508 Ohristi,
1941 2430 1970 2495 is
1992 2428 2053 2494 eibi
2077 2448 2197 2512 propo·

188 2535 248 2600 por
277 2516 374 2580 fidem
408 2514 558 2594 obtineri,
590 2534 629 2580 ac
661 2514 696 2578 iu
729 2512 793 2579 fide
820 2512 944 2580 Christi
977 2515 1164 2598 repositum.
1216 2514 1314 2579 sitam
1343 2535 1414 2581 esse
1445 2513 1664 2581 conditionem
1687 2523 1853 2598 agnoscat,
1883 2522 1920 2579 ιιι
1942 2522 2011 2580 tota
2033 2514 2102 2579 vita
2123 2534 2199 2580 oon·

187 2599 262 2666 Has
283 2601 331 2666 ita
351 2601 429 2665 facit
450 2600 537 2666 inter
559 2621 594 2666 se
615 2600 798 2666 contrarias
820 2608 858 2664 ιιι
879 2608 967 2666 stare
989 2599 1086 2666 simul
1108 2621 1165 2666 ne-
1217 2602 1376 2684 liguretur
1401 2600 1500 2665 morti
1521 2601 1600 2665 eius.
1645 2598 1818 2664 Caeterum
1841 2599 1962 2683 duplex
1985 2607 2037 2666 cst
2058 2599 2197 2665 societas

189 2696 320 2770 queant.
365 2685 440 2751 Duo
470 2686 572 2769 igitur
601 2685 656 2750 hic
689 2685 832 2751 notanda
862 2694 953 2751 sunt:
985 2684 1163 2752 cedendam
1216 2694 1251 2751 et
1273 2685 1526 2752 communicatio
1543 2685 1658 2751 mortis
1677 2684 1812 2752 Christi.
1849 2685 1966 2751 Altera
1982 2689 2033 2751 est
2050 2685 2196 2764 interior,

188 2791 262 2839 esee
293 2790 331 2838 ac
363 2769 593 2854 resignandam
626 2770 711 2853 legis
746 2770 916 2855 iustitium,
952 2781 990 2836 ut
1022 2771 1086 2836 fide
1118 2773 1164 2837 ιιι
1216 2791 1314 2854 quam
1345 2772 1507 2855 scriptura
1529 2790 1646 2837 vocare
1667 2772 1750 2838 solet
1771 2771 2055 2838 mortificationem
2077 2770 2198 2852 caruis,

187 2857 309 2923 iustus:
332 2855 449 2923 deinde
471 2857 630 2922 iustitiam
648 2856 725 2923 fidei
747 2859 919 2939 provenire
939 2879 980 2923 ex
996 2858 1076 2941 Dec,
1100 2878 1162 2922 nou
1217 2865 1274 2921 aut
1301 2857 1545 2923 crucifixionem
1575 2856 1697 2923 veteris
1724 2858 1885 2923 hominis:
1913 2857 1953 2922 de
1982 2877 2047 2940 qua
2074 2865 2198 2922 tractat

187 2962 262 3007 essa
294 2942 435 3009 hominis
468 2944 641 3024 propriam.
686 2941 739 3008 De
773 2952 909 3026 utroque
922 2990 928 2997 -
942 2943 1035 3007 nobis
1068 2943 1164 3008 hodie
1215 2941 1343 3009 Paulus
1372 2943 1413 3008 ad
1439 2942 1605 3007 Romanos
1633 2942 1738 3026 capite
1765 2952 1869 3009 sexto.
1913 2941 2030 3008 Altera
2059 2948 2110 3008 ost
2139 2964 2197 3008 ex·

187 3047 311 3113 magna
329 3028 370 3094 lis
392 3037 441 3095 est
459 3048 533 3095 cum
556 3028 702 3111 papistis.
746 3029 830 3092 Nam
854 3049 959 3110 neque
980 3028 1056 3094 fidei
1071 3029 1164 3094 iusti·
1217 3029 1326 3106 terior,
1345 3048 1427 3110 quae
1446 3037 1581 3093 vocatur
1599 3029 1806 3094 mortificatio
1824 3030 1953 3094 externi
1972 3028 2132 3093 hominis:
2156 3048 2195 3093 ea

187 3116 270 3180 tiam
299 3133 342 3179 ex
376 3114 446 3179 Dec
477 3135 548 3181 esse
581 3113 765 3180 concedunt
797 3123 915 3195 totam,
946 3113 1004 3181 sed
1037 3122 1163 3197 partem
1217 3122 1268 3180 ιιι
1288 3114 1396 3181 crucis
1419 3113 1598 3192 tolerantia,
1619 3113 1659 3180 de
1681 3134 1745 3197 qua
1767 3122 1887 3180 tractat
1907 3121 2023 3180 octavo
2046 3113 2195 3179 ciusdem

188 3200 377 3266 attribuunt
398 3200 535 3266 homiui:
563 3209 597 3265 et
617 3219 673 3266 eas
700 3199 798 3265 simul
820 3199 1041 3278 commiscent,
1070 3200 1163 3283 quasi
1218 3199 1374 3283 epistolae
1396 3199 1516 3283 capito:
1541 3208 1640 3282 atque
1662 3200 1716 3266 hie
1737 3200 1847 3278 etiam,
1873 3200 1938 3267 nisi
1961 3198 2064 3265 fallor.
2109 3198 2196 3264 Nam

187 3285 294 3351 altera
314 3284 452 3351 alteram
468 3306 534 3351 nou
556 3284 692 3352 tolleret.
738 3284 923 3369 Diligenter
940 3305 1018 3369 ergo
1040 3306 1162 3368 cxpon·
1216 3297 1292 3369 post
1319 3286 1588 3371 comprehensum
1611 3286 1857 3352 resurrectionis
1879 3286 2046 3370 virtutem,
2076 3302 2195 3368 propo-

188 3371 267 3437 dere
288 3372 443 3439 convenit
464 3372 594 3455 singula
616 3369 713 3436 Pauli
735 3369 848 3436 rerba:
871 3369 1092 3454 quianullum
1113 3378 1164 3437 cst
1217 3373 1308 3436 uitur
1329 3372 1422 3438 nobis
1444 3370 1596 3445 Christus
1618 3372 1805 3453 crucifixus,
1827 3380 1864 3437 ut
1885 3392 1943 3455 per
1966 3370 2196 3438 tribulationes

187 3458 244 3523 cui
266 3477 330 3524 non
353 3455 459 3522 subsit
479 3476 637 3541 magnum
659 3456 795 3539 pondus.
841 3455 949 3540 Negat
970 3455 1083 3523 fideles
1104 3456 1163 3523 ha·
1216 3466 1250 3523 et
1271 3477 1444 3523 aerumnas
1465 3458 1573 3540 ipsum
1595 3476 1781 3540 sequamur.
1823 3456 1967 3540 Ideoque
1988 3465 2195 3525 mortuorum

189 3544 265 3609 bere
287 3544 452 3627 propriam
475 3543 642 3609 iustitiam.
687 3542 789 3624 Atqui
819 3564 886 3608 non
915 3546 1023 3625 potest
1049 3543 1164 3628 negari
1216 3543 1410 3610 resurrectio
1440 3542 1559 3609 diserte
1586 3543 1791 3624 exprimitur,
1819 3551 1858 3608 nt
1885 3543 2027 3611 sciamus
2052 3544 2196 3610 morien·

188 3629 280 3712 quin,
301 3628 412 3711 siqua
433 3635 520 3694 esset
539 3649 674 3709 opernm
688 3628 823 3709 iustitia,
844 3629 961 3695 merito
983 3637 1094 3695 nostra
1115 3628 1163 3694 di·
1216 3627 1293 3694 dum
1325 3649 1396 3695 esse
1425 3637 1598 3712 antequam
1629 3628 1791 3694 vivamus.
1834 3628 1928 3694 Haec
1955 3638 2006 3696 est
2036 3631 2196 3697 contiuua

187 3726 328 3781 deretur.
372 3713 463 3798 Ergo
491 3733 628 3796 operum
653 3713 797 3780 iustitiae
823 3713 930 3780 locum
953 3714 1079 3780 nullum
1131 3736 1164 3781 e·
1215 3712 1361 3779 fidelium
1383 3712 1558 3793 meditatio,
1580 3712 1737 3796 quamdiu
1760 3715 2015 3798 peregrinantur
2036 3714 2071 3779 iu
2093 3725 2193 3781 terra.

186 3800 280 3865 uitus
301 3797 468 3949 reliuffuit
513 3797 711 3867 (iurantem
734 3799 818 3883 legis
836 3800 994 3865 iustitiam
1011 3736 1163 3885 appellet,
1215 3799 1308 3866 Haec
1330 3820 1407 3866 vero
1436 3799 1557 3865 eximia
1583 3808 1634 3866 ιιι
1655 3798 1843 3880 consolatio,
1872 3798 1961 3883 quod
1983 3801 2019 3865 iu
2042 3800 2194 3867 omuibus

185 3884 382 3951 ostendite
436 3884 604 3951 Romanos
635 3885 877 3969 capit010,5.
930 3885 1057 3969 Nempe
1088 3886 1164 3969 quia
1215 3885 1355 3954 miseriis
1385 3905 1499 3951 snmus
1527 3884 1606 3950 aonii
1635 3885 1741 3951 crucis
1762 3884 1898 3965 Christi,
1925 3885 1956 3953 si
1982 3906 2098 3953 sumus
2124 3886 2195 3952 ciue

186 3969 251 4037 hoo
271 3978 323 4038 est
350 3968 433 4054 logis
463 3967 622 4036 edictum:
651 3968 720 4052 Qui
746 3969 861 4038 feeerit
887 3968 977 4053 haec,
1011 3971 1101 4037 viret
1127 3971 1163 4036 in
1214 3970 1377 4049 membra,
1411 3980 1451 4035 nt
1483 3990 1542 4053 per
1572 3968 1764 4039 afflictiones
1798 3972 1850 4036 via
1882 3969 1976 4038 nobis
2009 3981 2120 4056 pateat
2151 3971 2195 4038 ad

186 4056 278 4140 ipsis.
330 4055 404 4122 Lex
436 4075 514 4140 ergo
545 4055 668 4122 iustum
701 4056 892 4141 pronuntiat
922 4055 1089 4123 hominem
1121 4078 1163 4122 ex
1215 4064 1382 4121 aeternam
1395 4054 1639 4123 beatitudinem.
1661 4054 1948 4138 Quemadmodum
1959 4056 2037 4123 alibi
2049 4057 2096 4143 (2.
2107 4057 2194 4124 uim.

184 4140 350 4226 operibus.
393 4139 509 4225 Neque
529 4149 581 4207 ιιι
601 4140 687 4226 quod
708 4140 908 4208 cavillentur
929 4141 1086 4226 papistae,
1111 4163 1164 4208 re·
1215 4140 1247 4222 2,
1269 4140 1324 4227 11)
1347 4140 1501 4208 habetur:
1531 4138 1570 4209 Si
1591 4143 1830 4223 commorimur,
1852 4142 1951 4209 simul
1974 4143 2139 4210 vivemus:
2165 4144 2196 4211 ιι

186 4226 308 4312 stringi
336 4227 398 4292 hoc
425 4236 531 4293 totum
560 4226 677 4293 debere
705 4225 747 4292 ad
775 4226 1006 4294 caeremonias.
1048 4226 1163 4293 Primo
1215 4228 1442 4310 compatimur,
1472 4227 1569 4293 simul
1600 4226 1819 4311 regnabimus.
1870 4228 1946 4294 Huc
1974 4228 2078 4314 igitur
2105 4248 2195 4297 oom-

184 4313 276 4379 cniru
299 4310 452 4379 frivolum
475 4319 526 4379 est
546 4317 793 4397 nugameutum,
816 4313 900 4398 qnod
915 4311 1039 4380 Paulus
1053 4332 1163 4380 caere·
1215 4321 1347 4396 paratos
1368 4333 1440 4381 esse
1460 4333 1521 4379 noa
1542 4333 1656 4379 omnes
1673 4313 1835 4390 convenit,
1856 4318 1895 4378 ut
1911 4322 1979 4379 tots
1993 4315 2064 4379 vita
2081 4324 2196 4383 nostra

185 4397 308 4464 moniis
329 4396 492 4465 duntaxat
511 4398 619 4466 iustus
640 4397 748 4464 fuerit.
792 4396 923 4466 Deinde
952 4397 1015 4465 hae
1036 4399 1163 4466 ratione
1215 4396 1300 4464 nihil
1335 4418 1433 4482 quam
1467 4399 1582 4465 mortis
1611 4398 1790 4483 imaginem
1819 4402 2026 4482 repraesento
2086 4400 2190 4468 donee

186 4482 326 4635 apponit
353 4482 436 4551 dnae
456 4484 539 4551 istas
559 4483 712 4562 iustitias,
741 4483 828 4568 qued
857 4504 923 4551 una
943 4484 988 4550 ιιι
1009 4484 1163 4570 heminis,
1215 4492 1353 4550 mortem
1375 4484 1482 4569 ipsam
1503 4485 1621 4569 pariat
1658 4482 1764 4551 Sicuti
1778 4484 1849 4553 vita
1861 4483 1988 4551 Obristi
2003 4485 2038 4551 ni
2065 4485 2073 4502 '
2102 4484 2193 4552 alind

221 4577 292 4635 tera
305 4589 348 4636 ex
362 4568 444 4635 Deo.
478 4569 626 4637 Alteram
640 4569 743 4655 igitur
775 4570 782 4585 ⁸
832 4569 920 4637 ifleat
934 4590 1006 4638 esec
1026 4590 1162 4653 operum
1213 4569 1277 4635 fuit
1308 4589 1408 4654 quam
1440 4571 1556 4637 mertis
1587 4568 1803 4654 praeludium.
1857 4567 1925 4637 Sed
1953 4569 2017 4639 hac
2045 4571 2193 4639 consola

186 4653 383 4738 mercedem,
411 4653 547 4722 alteram
569 4654 749 4742 gratuitum
805 4654 989 4722 eidonum.
1032 4655 1085 4723 Its
1106 4676 1162 4740 ge·
1216 4654 1303 4721 tione
1328 4656 1455 4723 interea
1475 4655 1626 4735 fruimur,
1658 4654 1744 4741 qnod
1765 4654 1844 4721 finis
1864 4662 1917 4720 est
1937 4664 2072 4724 aeterna
2092 4656 2194 4724 beati-

186 4738 346 4808 neraliter
373 4740 527 4807 meritum
548 4740 691 4809 hominis
717 4741 852 4825 opponit
873 4739 999 4808 Ohrieti
1026 4741 1162 4826 μιιιιιι.
1215 4740 1303 4807 tude.
1347 4740 1439 4808 Mors
1466 4742 1556 4809 enim
1585 4739 1712 4809 Christi
1738 4759 1815 4806 cum
1844 4742 2084 4811 resumectione
2113 4761 2195 4810 eon·

186 4824 275 4891 Nam
297 4846 400 4911 quum
426 4824 480 4892 lex
511 4826 629 4894 afferat
655 4846 763 4911 opera,
797 4824 878 4893 fides
908 4827 1007 4892 effert
1037 4826 1163 4894 nudum
1214 4827 1326 4893 iuncta
1353 4834 1414 4893 est
1457 4826 1537 4893 Ideo
1565 4826 1646 4894 dicit
1667 4824 1799 4908 Paulus,
1828 4845 1865 4892 se
1893 4827 1964 4895 eius
1992 4828 2089 4894 morti
2108 4828 2192 4895 -fieri

186 4911 355 4979 hominem
375 4910 459 4991 Dec,
488 4914 528 4977 ut
548 4911 672 4979 Christi
700 4912 829 4979 iustitia
854 4909 1021 4979 induatur.
1064 4910 1161 4994 Quod
1213 4912 1424 4991 conformem,
1450 4922 1489 4991 ut
1514 4910 1555 4979 ad
1577 4912 1717 4997 gloriam
1738 4913 1988 4981 resurrectionis
2009 4914 2193 4997 perveniat.

186 4996 290 5082 igitur
310 4996 469 5065 iustitiam
499 4994 576 5065 fidoi
597 4997 715 5067 sarmit
736 5017 776 5064 ex
799 4998 871 5067 Deo
892 5018 973 5078 ιιιι,
1003 5018 1068 5064 non
1091 4995 1162 5064 ideo
1213 4997 1381 5065 Particuls
1400 4998 1432 5064 ιι
1459 5017 1533 5084 quo
1560 4996 1686 5077 modo,
1715 5017 1784 5063 aon
1805 5005 1856 5065 ιιι
1878 4996 2102 5077 dubitationis,
2120 4997 2192 5067 scd

186 5092 318 5151 tantum
339 5090 392 5150 ιιι
411 5082 490 5167 qaia
503 5080 584 5151 fidos
604 5084 651 5151 sit
664 5082 731 5151 Dei
751 5082 885 5168 donum,
906 5082 964 5151 sed
978 5083 1055 5169 quia
1070 5082 1162 5151 Deus
1214 5082 1443 5151 difficultatem
1481 5091 1589 5164 notat,
1626 5082 1792 5151 excitandi
1824 5082 1908 5151 tudii
1941 5083 2046 5153 ιιοιιιι
2082 5103 2194 5152 cama.

184 5188 248 5236 nos
273 5168 427 5237 iustificat
452 5187 513 5237 ιιιι
541 5168 704 5249 ιιιιιιιιιιιΙ
738 5169 791 5236 ιιι
817 5169 905 5255 quod
932 5170 1091 5251 iustitiam
1112 5168 1161 5245 ¹ub
1213 5166 1328 5255 Neque
1348 5170 1437 5237 enim
1457 5168 1532 5237 lere
1551 5178 1718 5238 certamen
1738 5172 1801 5251 cst,
1827 5169 1908 5239 dum
1928 5168 2094 5240 luctamur
2114 5191 2200 5239 euna

185 5254 260 5339 ipso
281 5253 377 5322 nobis
397 5253 562 5336 donatam,
579 5252 645 5321 fide
664 5252 869 5340 recipiamus.
1213 5261 1263 5322 tot
1283 5274 1323 5325 ao
1341 5256 1443 5325 ιιιιιι
1463 5255 1647 5325 mercdis

292 5371 514 5445 moena.
538 5370 687 5432 rcum
1953 5375 1972 5430 4
