4740 6016
187 264 247 360 111
811 291 1118 361 1111111111
1141 291 1205 360 un
1228 289 1556 359 couessussua
2124 292 2190 360 112

187 495 220 553 et
255 485 347 571 qnasi
383 487 506 569 primae
540 501 656 551 monus
692 484 791 552 luisse
828 484 1158 568 repraesentationem
1210 484 1426 569 superstitiosi
1452 482 1611 560 homines,
1641 485 1679 548 ut
1699 482 1832 548 illerum
1854 501 1953 566 opera
1975 501 2125 550 aeoessus
2146 485 2191 551 ad

187 572 327 640 Christi:
357 571 392 637 in
422 571 542 639 nostris
564 591 641 637 sero
670 570 882 638 saeramentie
903 569 944 638 ad
966 570 1083 637 virum
1104 590 1159 637 ex·
1211 571 1318 635 Deum
1341 568 1401 636 sibi
1422 578 1559 653 pateret.
1600 566 1674 634 Hoo
1695 588 1806 635 errore
1827 567 2039 635 ohristianam
2061 590 2104 653 qn
2145 590 2192 640 ue

182 678 331 742 ,pressam
361 655 510 740 oonspiei.
561 653 770 739 Quamquam
797 655 928 808 longius
956 656 1080 723 Paulus
1106 676 1158 722 re·
1210 654 1379 723 eoelesism
1402 652 1590 720 imbuerunt
1610 652 1783 721 Platoniei.
1827 653 1910 720 Nam
1932 662 2098 739 uteunque
2152 677 2191 723 u·

186 745 308 826 spexit:
345 743 480 825 opponit
515 741 603 806 enim
639 739 764 807 nudum
801 763 855 809 um
879 762 934 808 rae
967 740 1026 809 ads
1088 749 1158 808 tum
1209 741 1364 823 gostinus
1393 740 1512 807 aeriter
1540 740 1575 805 in
1603 759 1658 805 eos
1687 738 1863 807 invehatur
1889 737 1974 806 libre
2000 738 2125 807 deeimo
2146 741 2190 809 de

179 828 327 911 eorporis
355 826 529 894 soliditati:
558 848 596 891 so
624 825 718 893 deliri
739 827 882 894 hominis
903 847 976 895 esse
996 761 1158 908 adderet,
1211 825 1353 894 Ciuitate
1368 825 1442 909 Dei,
1464 832 1498 891 et
1519 824 1661 924 multum
1682 824 1814 891 damnet
1835 823 1991 908 quidquid
2014 824 2065 891 illi
2080 825 2190 911 dispu-

184 916 301 979 inanes
333 912 467 978 umbras
498 911 709 997 prebensare,
743 931 844 996 quum
877 910 975 980 lioeat
1006 912 1158 980 manibus
1211 920 1284 978 taut
1312 910 1353 977 de
1381 910 1525 979 uolendis
1554 909 1697 995 engelis:
1726 909 1876 977 videmus
1903 919 2013 977 tamen
2035 911 2112 996 quid
2135 931 2189 983 ae·

184 1007 325 1065 traetsre
355 996 492 1065 solidum
519 1017 644 1081 eorpus.
688 999 793 1065 Porro
821 1006 935 1064 nostra
955 1003 1158 1064 1111111111
1210 997 1333 1064 oiderit
1371 995 1410 1064 si
1432 997 1506 1080 quis
1527 996 1650 1081 seripta
1666 995 1816 1062 Platonis
1838 996 1985 1063 oonlerat
2002 1017 2076 1064 oum
2094 996 2189 1065 theo·

183 1084 233 1150 ita
260 1082 431 1150 Christum
464 1082 619 1166 adspeotu
651 1091 684 1148 st
712 1082 774 1151 loei
804 1082 959 1151 distantis
988 1083 1158 1151 absentem
1210 1082 1299 1167 logia
1333 1081 1505 1165 pepistios,
1540 1081 1682 1165 reperiet
1713 1081 1847 1148 omnino
1880 1100 1902 1148 a
1933 1081 2072 1149 Platone
2102 1081 2188 1151 istos

184 1171 338 1254 figurant,
370 1176 408 1236 ut
439 1168 540 1235 semel
572 1167 756 1235 exhibitum
788 1169 889 1236 fuisse
922 1177 1093 1246 testentur,
1126 1179 1159 1235 et
1210 1169 1359 1235 hausisse
1376 1187 1457 1252 qnae
1475 1166 1515 1236 de
1536 1167 1729 1252 angelorum
1746 1166 1837 1235 eultu
1853 1167 2015 1252 garriunt.
2048 1165 2189 1236 Summa

185 1275 274 1404 11131
301 1275 428 1406 quogue
453 1254 592 1404 elleffnt
610 1253 803 1404 ttimendum.
836 1254 1045 1408 deducduddi
1057 1254 1159 1340 igitur
1210 1254 1291 1405 3111
1307 1252 1695 1424 οοοὲεὴοὶιὲξοῄοοίῑοῗ
1716 1252 1864 1404 auggg?3
1883 1273 1964 1416 Ξίιὲἓο
1979 1251 2189 1406 Plliantgovox

184 1360 523 1406 neaeumree1se
590 1360 835 1406 ousreesen
975 1360 1158 1408 rissm·
1233 1360 1348 1406 aemn
1473 1360 1483 1403 ι
1728 1360 1747 1404 o
1954 1389 1960 1404 .
2177 1376 2191 1392 ·

184 1426 268 1491 bola.
301 1424 481 1493 Continent
494 1360 589 1492 eninld
598 1425 680 1491 illud
695 1359 807 1491 datiam
830 1433 864 1492 et
884 1427 994 1492 Amen
1012 1363 1157 1492 omnium
1211 1426 1348 1492 tentiam
1372 1357 1465 1508 puduit
1486 1426 1522 1491 in
1542 1358 1756 1507 ldpindmdds:
1786 1358 1960 1492 mnfidmst
1981 1423 2016 1489 in
2039 1422 2189 1513 Orstple,

183 1512 434 1594 promissionum
456 1509 530 1591 Dei,
551 1510 640 1596 quod
661 1509 696 1576 iu
718 1510 852 1579 Christo
874 1522 926 1579 est
945 1510 1046 1579 semel
1068 1518 1158 1595 pate·
1211 1516 1245 1578 et
1273 1510 1387 1577 multis
1409 1509 1482 1579 aliis
1503 1509 1593 1577 loeis.
1636 1510 1689 1576 Ab
1711 1509 1850 1594 sequid
1872 1511 2006 1576 omnino
2028 1509 2189 1579 differunt

184 1597 313 1663 11111111.
1233 1597 1375 1681 apistaer
1407 1597 1455 1662 At
1486 1595 1698 1663 mediatorem
1730 1616 1797 1661 non
1827 1616 1868 1661 ne
1935 1605 1950 1660 t
1976 1595 2083 1663 filium
2112 1594 2189 1663 Dei.

271 1683 320 1749 18.
343 1681 490 1766 Nequit
513 1682 664 1765 palmam.
709 1681 835 1748 Alludit
863 1681 905 1747 ad
932 1703 1079 1750 eursores
1105 1682 1157 1749 vel
1211 1618 1261 1748 dle
1283 1682 1338 1748 isti
1359 1679 1491 1766 quidem
1512 1702 1587 1749 eum
1609 1680 1726 1766 quibus
1747 1687 1850 1748 uertat
1894 1680 1999 1748 aulus
2036 1679 2103 1749 Sed
2126 1678 2186 1749 ad·

184 1767 336 1851 athletas,
357 1767 478 1851 quibus
500 1768 562 1835 hau
582 1767 769 1835 eonditioue
790 1768 954 1834 destinata
970 1779 1021 1834 est
1037 1767 1156 1852 palma,
1209 1765 1364 1835 minieulo
1391 1766 1583 1852 angelorum
1611 1787 1711 1851 quum
1736 1766 1778 1833 ad
1800 1764 1908 1834 Deum
1931 1768 2098 1850 perveniri
2120 1766 2185 1835 lin·

184 1855 212 1919 si
234 1874 300 1919 non
322 1854 476 1920 delieiant
493 1856 528 1919 in
547 1852 655 1919 medio
671 1852 788 1932 stadio,
811 1853 864 1920 rel
880 1859 953 1937 pest
968 1853 1157 1920 inehoatum
1209 1861 1333 1938 gerent,
1362 1851 1497 1937 ideoque
1525 1850 1747 1919 exhibendum
1775 1852 1843 1920 illis
1871 1851 2013 1937 aliquem
2037 1851 2182 1921 nultum:

184 1949 361 2005 esttamen.
416 1937 582 2004 Admonet
618 1939 721 2022 igitur
756 1939 1043 2023 pseudoapostolos
1074 1938 1158 2005 nihil
1209 1940 1256 2005 ita
1270 1938 1404 2024 angelos
1417 1937 1619 2005 oollaoabent
1632 1939 1668 2004 in
1682 1938 1760 2005 sede
1774 1938 1909 2020 Obristi,
1924 1958 2043 2022 eosque
2058 1936 2187 2006 Christi

185 2024 273 2089 aliud
296 2023 415 2106 moliri,
437 2024 500 2089 nisi
521 2033 560 2089 ut
577 2023 716 2106 palmam
736 2025 816 2108 ipsis
834 2025 1060 2106 interoipiant:
1082 2025 1158 2109 qnia
1209 2025 1315 2092 offioio
1337 2023 1508 2090 ornabant.
1546 2021 1697 2091 Salamas
1714 2044 1793 2108 ergo
1810 2023 1959 2090 damnari
1977 2023 2032 2091 hio
2046 2043 2066 2088 a
2081 2023 2190 2091 Paule

184 2109 349 2176 abdnouut
369 2131 424 2176 eos
444 2129 465 2175 s
485 2109 683 2176 reatitudine
703 2129 820 2176 eureus
841 2112 904 2177 sui.
940 2110 1037 2178 Unde
1053 2112 1158 2194 seqni-
1208 2110 1340 2176 fiotitios
1364 2130 1478 2176 omnes
1500 2107 1618 2189 uultus,
1648 2110 1705 2193 qui
1727 2109 1780 2176 vel
1802 2109 1939 2195 angelis,
1969 2109 2024 2176 rel
2046 2109 2186 2177 mortuis

185 2209 247 2275 tur,
270 2216 338 2261 non
359 2216 454 2262 sseus
473 2216 511 2260 ao
533 2195 779 2262 noxiosissimas
799 2208 907 2279 pestes
929 2215 1002 2264 esee
1029 2195 1157 2281 lugien-
1208 2194 1416 2275 exhibentur,
1445 2196 1540 2280 quasi
1565 2203 1639 2279 post
1660 2194 1842 2274 Ohristum,
1871 2193 1924 2262 vel
1953 2215 2029 2263 oum
2052 2193 2187 2262 Ohristo

184 2279 250 2346 dos.
295 2281 453 2347 Helorus
478 2290 529 2346 est
551 2279 724 2365 diligenter
746 2280 926 2348 notandus:
954 2299 1156 2359 aesomnes,
1207 2281 1395 2348 subsidiarii
1434 2281 1504 2345 sint
1541 2279 1747 2348 mediatores
1806 2280 1892 2347 Nam
1932 2280 2128 2347 tantundem
2168 2302 2189 2348 a

183 2367 239 2446 qui
266 2387 285 2430 a
314 2366 523 2451 simplieitate
544 2365 670 2433 Obristi
696 2388 756 2432 noe
777 2366 952 2448 abdesunt,
980 2366 1156 2435 brabaeum
1209 2366 1342 2434 obsisto
1375 2364 1566 2447 resedimus,
1600 2365 1678 2431 dum
1711 2365 1880 2433 minimam
1945 2374 2031 2432 rtem
2062 2386 2189 2452 eornm,

185 2452 546 2603 ο1ρο1ῑι1ἲῦηνοο1ιίοῇυἰο
559 2451 663 2604 edgid
684 2452 931 2606 ingergertdere.d
1019 2548 1068 2603 m
1097 2538 1141 2604 ali
1180 2472 1293 2600 ¹qnae
1309 2451 1357 2517 illi
1375 2452 1506 2601 plropriz
1523 2459 1610 2551 sent,
1628 2452 1861 2602 ¹tlranoslerimus
1878 2385 2074 2535 sduqnorsis
2089 2450 2188 2520 alios:

368 2557 385 2603 a
416 2557 452 2602 sn
504 2557 559 2604 am
659 2588 667 2603 .
746 2560 768 2604 n
791 2559 832 2603 an
856 2557 910 2604 ren
932 2559 988 2604 um
1143 2575 1157 2590 ·
1209 2557 1606 2616 sreeanersrn,s1re
1653 2558 1789 2605 omines.

182 2621 278 2704 quid:
308 2623 381 2688 ideo
408 2623 444 2688 in
466 2630 560 2689 textu
583 2624 717 2702 inserui,
746 2622 781 2689 id
803 2624 919 2690 laeere.
963 2623 1048 2690 Nam
1072 2625 1157 2707 peri-
1295 2561 1410 2690 Iugee
1442 2642 1523 2706 quoe
1555 2641 1620 2688 soe
1651 2624 1732 2691 eidit
1763 2642 1797 2689 se
1829 2625 1981 2708 ingereris.
2033 2619 2187 2689 Verbum

182 2707 248 2774 euli
280 2728 385 2791 genus
416 2708 552 2791 indieat,
584 2710 670 2794 quod
703 2729 819 2776 severe
852 2706 1024 2793 debebant,
1059 2729 1096 2776 ao
1128 2710 1158 2777 si
1208 2708 1404 2796 ἐμβατοὺειν,
1440 2708 1532 2775 euius
1564 2709 1734 2793 partieipio
1766 2708 1820 2776 bio
1853 2729 1933 2776 neus
1966 2715 2016 2776 est
2046 2705 2185 2793 Paulus,

184 2794 316 2872 diderat,
345 2793 496 2860 11111111
518 2815 576 2862 voe
605 2794 713 2878 palma
736 2794 857 2870 solunt,
887 2795 1069 2879 qnieuuqne
1095 2797 1157 2863 sub
1209 2799 1321 2862 varias
1335 2795 1434 2862 habet
1447 2795 1713 2879 signifieationes.
1735 2793 1833 2876 Quod
1843 2795 2003 2862 Erasmus
2012 2790 2190 2861 transtulit

182 2877 378 2945 humilitatis
398 2886 570 2965 praetextu
589 2880 779 2965 angelorum
808 2879 934 2948 uultum
957 2880 1050 2947 vobis
1071 2900 1157 2947 som·
1210 2889 1284 2964 post
1320 2881 1574 2966 Hieronymum,
1612 2881 1754 2947 fastuose
1789 2879 1959 2959 inoedens,
1997 2900 2064 2947 non
2100 2877 2188 2946 male

182 2963 349 3031 mendant.
410 2965 554 3032 Haoiunt
588 2967 677 3032 enim
713 2976 751 3033 nt
782 2966 896 3033 relioto
928 2966 1024 3034 unioo
1061 2986 1157 3052 soopo
1209 2967 1393 3050 quadraret,
1412 2970 1439 3034 si
1457 2974 1602 3033 exstaret
1619 2966 1804 3050 exemplum
1822 2964 1921 3033 buius
1938 2965 2188 3051 signifieationis

182 3057 278 3116 extra
310 3050 400 3118 viam
436 3052 561 3118 erretis
616 3051 899 3119 Humilitatem
935 3062 973 3118 st
1007 3050 1157 3120 uultum
1209 3052 1295 3136 apud
1332 3062 1479 3119 autorem
1511 3051 1675 3119 idoneum.
1727 3051 1886 3119 Videmus
1920 3053 2007 3118 enim
2042 3048 2186 3137 quotidie

183 3136 427 3220 angelorum
448 3137 648 3205 ooniunetim
671 3137 752 3223 lego.
788 3136 875 3204 Nam
895 3137 984 3204 illem
1007 3138 1158 3206 1111111-
1210 3148 1333 3223 quanta
1367 3138 1566 3205 eonfidentia
1604 3144 1791 3222 quantoque
1821 3137 1996 3221 supersilio
2028 3135 2187 3204 definiant

182 3222 387 3304 sequebatur.
443 3221 726 3305 Quemadmodum
760 3222 859 3290 hodie
891 3224 1046 3308 papistae,
1079 3225 1157 3292 dum
1210 3225 1376 3292 temerarii
1407 3225 1557 3290 homines
1587 3222 1627 3290 de
1656 3224 1754 3290 rebus
1783 3224 1913 3309 ignotis.
1966 3221 2122 3308 Adeoque
2151 3222 2187 3288 in

208 3306 459 3391 hilosophantur
486 3309 526 3375 de
553 3317 739 3376 sauetorum
768 3309 869 3389 eultn,
897 3309 984 3377 idem
1007 3320 1157 3393 praeten-
1210 3312 1376 3396 praesenti
1394 3329 1503 3389 eausa,
1527 3330 1624 3393 quum
1640 3318 1760 3376 1111111
1775 3309 1908 3394 Paulus,
1931 3316 2040 3376 exstat
2058 3307 2187 3394 insigne

185 3329 275 3458 dunt.
331 3392 416 3459 Nam
450 3415 492 3460 ex
524 3392 701 3464 deieutione
734 3394 876 3462 bominis
912 3397 1156 3476 ratiooinantur,
1210 3395 1451 3464 doonmentnm.
1495 3395 1578 3462 Nam
1610 3416 1711 3479 quum
1738 3395 1779 3462 de
1800 3408 1989 3463 sanotsrnm
2013 3392 2066 3461 vel
2087 3413 2186 3494 ange·

183 3477 383 3561 quaerendos
412 3480 513 3565 igitur
541 3500 613 3547 esse
639 3479 842 3560 mediatores,
873 3481 929 3565 qui
958 3481 1052 3549 nobis
1080 3482 1157 3548 sub-
1210 3482 1317 3548 lorum
1358 3481 1589 3549 intereessione
1627 3489 1795 3566 nugantur
1833 3480 1976 3565 theologi
2014 3477 2184 3558 serboniui,

182 3565 328 3629 veniant.
380 3565 485 3651 Atqui
520 3565 593 3633 ideo
629 3587 665 3632 se
701 3565 890 3632 humiliarit
922 3565 1084 3647 Christus,
1122 3576 1158 3634 ut
1209 3566 1345 3652 perinde
1385 3575 1484 3650 atque
1522 3587 1564 3634 ex
1603 3565 1731 3651 tripode
1769 3566 1997 3652 pronuntiant,
2038 3572 2186 3631 mortuos

182 3661 272 3714 reeta
299 3671 359 3717 nos
386 3650 429 3716 ad
457 3650 566 3735 ipsum
594 3652 808 3731 oonleramus,
838 3652 1019 3737 quamlibet
1046 3653 1156 3720 miseri
1209 3662 1394 3721 nostrarum
1417 3654 1644 3720 necessitatum
1667 3655 1813 3720 oonseios
1835 3661 1869 3720 et
1888 3660 2086 3737 speetateres
2104 3669 2185 3729 esse,

182 3735 286 3801 simus
320 3744 516 3818 peeoatores.
572 3736 648 3805 Seio
681 3737 807 3806 uultum
839 3739 1029 3824 angelorum
1063 3738 1157 3806 aliter
1210 3740 1286 3824 quia
1321 3739 1356 3804 in
1389 3740 1512 3806 reflexo
1545 3737 1610 3804 Dei
1642 3737 1764 3805 lumine
1797 3737 1908 3805 omnia
1941 3736 2083 3804 videant
2140 3734 2185 3801 lte

182 3820 343 3906 exponis
372 3822 500 3890 multis:
534 3843 652 3907 nempe
681 3844 740 3907 pro
767 3843 806 3889 eo
847 3845 944 3908 quem
971 3823 1158 3892 hominibus
1209 3837 1318 3891 tamen
1341 3824 1419 3909 quid
1441 3838 1491 3891 est
1512 3825 1619 3891 minus
1641 3823 1791 3891 eertum?
1814 3825 1881 3890 imo
1902 3822 1980 3909 quid
2003 3822 2110 3906 magis
2128 3820 2184 3887 ob·

181 3909 313 4005 lingunt
345 3908 386 3974 ab
418 3907 545 3993 angelis
578 3908 746 4006 traditum.
804 3873 942 3993 damper
974 3910 1063 3977 enim
1096 3910 1156 3977 hoe
1209 3930 1340 3977 sonrum
1359 3931 1397 3977 ae
1415 3908 1629 3994 perplexum?
1663 3909 1731 3976 Sed
1748 3910 1830 3977 haee
1845 3906 2044 3994 magistralis
2059 3905 2183 3974 seilioet

182 3992 277 4058 titulo
304 3992 451 4061 diabolus
480 3993 663 4092 venditasrt
689 4015 766 4060 sues
795 3996 1001 4079 imposturas.
1048 3995 1157 4062 Hodie
1209 4005 1259 4062 est
1287 4017 1399 4062 eorum
1429 3996 1568 4074 lieentia,
1603 3995 1764 4079 intrepide
1793 4009 1825 4062 at
1854 3995 2008 4062 sudaster
2037 4012 2183 4092 asserere

180 4079 1157 4264 tutelheim,qtltrtlltfflltdllm,ll
1208 4076 2182 4264 111111111111111111111131111,1

181 4249 313 4335 theurgi
334 4251 375 4317 ab
398 4251 524 4335 angelis
544 4251 608 4318 srbi
629 4271 688 4336 per
709 4271 827 4318 manus
849 4252 1006 4320 traditum
1035 4274 1157 4320 assere·
1209 4255 1299 4319 verbi
1333 4253 1526 4338 signitieetio
1560 4262 1646 4319 esset
1673 4253 1809 4318 usitata:
1844 4272 1959 4319 verum
1987 4248 2182 4335 simplieiter

181 4335 261 4434 bant
278 4334 437 4421 quidquid
455 4337 724 4421 superstitionum
739 4338 1007 4407 ementiebantur.
1040 4339 1156 4423 Itaque
1208 4340 1338 4424 eapitur
1354 4339 1441 4424 apud
1458 4338 1604 4406 Graeeos
1610 4359 1680 4491 gro
1697 4337 1857 4405 ineedere.
1894 4336 2068 4422 signifieat
2082 4336 2181 4434 etiam

181 4419 230 4484 1111
244 4420 385 4488 Paulum
406 4423 537 4490 fiotitios
558 4443 671 4490 omnes
692 4423 799 4492 uultus
821 4423 874 4492 hie
896 4431 1012 4492 taxare
1028 4433 1155 4508 putant,
1208 4424 1372 4492 interdum
1395 4424 1569 4509 inquirere
1636 4423 1648 4487 i
1670 4424 1718 4490 ita
1739 4423 1799 4491 hoe
1817 4423 1886 4492 loeo
1904 4423 2051 4507 aeeipere
2070 4418 2181 4500 hbeat,

180 4507 247 4604 qni·
260 4507 451 4592 augelorum
471 4508 648 4576 autoritate
669 4509 751 4576 falso
772 4509 1050 4576 sommendsntur.
1088 4509 1157 4578 Sed
1208 4511 1406 4594 perstringet
1433 4509 1558 4577 Paulus
1589 4509 1722 4576 stultam
1751 4508 1972 4577 euriositatem
2005 4509 2041 4574 in
2070 4525 2182 4572 rerum

179 4601 289 4677 potrus
316 4597 404 4672 (meo
431 4592 565 4678 indioio)
594 4603 813 4663 sommentum
843 4605 934 4661 taxat
962 4595 1002 4663 de
1029 4595 1155 4682 angelis
1207 4594 1428 4676 obseurarnm,
1458 4605 1602 4679 atquae
1631 4594 1711 4661 adeo
1739 4616 1873 4664 sensum
1903 4605 2053 4662 nostrum
2079 4589 2182 4657 latent

178 4677 333 4745 eolendis.
375 4678 474 4747 Unde
501 4689 572 4748 tam
600 4681 712 4749 sedulo
734 4682 770 4746 in
791 4679 853 4748 hoe
874 4682 1022 4749 inrubuit
1042 4683 1155 4749 statim
1206 4701 1245 4748 se
1266 4690 1432 4765 superant,
1453 4680 1716 4767 investigatione.
1752 4681 1878 4748 Verum
1899 4702 1961 4766 ego
1983 4676 2065 4747 mihi
2085 4674 2183 4742 Pauli

178 4764 220 4830 ab
242 4764 336 4832 initio
356 4766 524 4849 epistolas,
547 4775 585 4833 nt
605 4766 739 4853 angelos
762 4767 797 4831 in
818 4765 964 4833 ordinem
983 4767 1155 4855 redigeret,
1208 4778 1349 4833 mentem
1377 4766 1493 4834 videor
1521 4775 1725 4852 assequutus,
1754 4788 1792 4834 ao
1822 4765 1961 4834 fideliter
1991 4761 2182 4843 reddidisse,

178 4871 221 4915 ne
243 4849 367 4918 Ohristi
393 4851 599 4936 splendorem
620 4852 840 4920 obseurarent.
884 4853 1037 4938 Denique
1058 4854 1155 4921 sicuti
1207 4853 1268 4920 hoe
1290 4852 1400 4919 modo:
1428 4852 1587 4938 Ingerens
1608 4873 1643 4918 se
1665 4853 1700 4918 in
1723 4873 1762 4918 ea
1783 4873 1864 4936 quae
1887 4874 1952 4917 non
1976 4850 2068 4919 vidit.
2113 4847 2183 4914 Ista

179 4936 268 5001 viam
291 4937 354 5005 sibi
375 4937 483 5022 primo
504 4939 611 5023 eapite
633 4947 794 5006 straverat
811 4938 852 5005 ad
871 4940 1030 5007 tollendus
1047 4960 1154 5008 eaere-
1207 4940 1294 5005 enim
1316 4951 1368 5006 est
1390 4938 1534 5023 vulgaris
1556 4939 1751 5026 signifieatio
1776 4937 1865 5004 serbi
1887 4937 2083 5025 ἐμβατεύειν,
2112 4953 2181 5000 oer-

178 5022 323 5090 monias:
345 5025 392 5090 ita
413 5024 510 5091 etiam
533 5024 655 5091 adalia
676 5026 787 5092 omnia
805 5024 1047 5111 impedimenta,
1071 5046 1155 5109 quae
1201 5045 1285 5092 uere
1315 5025 1559 5106 haereditatem,
1590 5024 1640 5089 vel
1670 5025 1904 5109 possessionem
1927 5045 2097 5110 usurpare,
2128 5018 2181 5084 vel

179 5124 239 5170 nos
266 5108 463 5176 abstrabunt
485 5110 525 5177 ab
548 5131 614 5176 uno
635 5110 778 5179 Christo.
822 5110 863 5178 ln
885 5110 948 5178 hoo
968 5111 1083 5178 ordine
1103 5120 1154 5177 est
1207 5112 1322 5194 pedem
1351 5111 1460 5195 aliquo
1481 5132 1610 5195 ponere.
1655 5109 1765 5192 Quare
1786 5110 1940 5177 Budaeus
1962 5110 2052 5178 huno
2072 5109 2180 5177 loonm

178 5190 285 5258 eultus
324 5195 526 5279 angelorum.
584 5197 638 5263 Ab
678 5197 772 5264 initio
809 5198 983 5265 eolnerunt
1017 5196 1153 5283 angelos
1205 5198 1253 5262 ita
1275 5198 1389 5264 vertit:
1418 5196 1458 5261 In
1482 5217 1602 5275 eorum,
1632 5216 1716 5281 quae
1739 5218 1804 5262 non
1828 5196 1920 5278 vidit,
1944 5197 2181 5283 possessionem
