4762 6016
190 301 256 368 213
1077 304 1231 374 CAPUT
1253 303 1317 372 111.
2132 309 2198 375 214

191 494 692 651 {tourinsigertredbeistlulioffl
709 504 854 649 dentum.
869 496 1059 650 ⁸¹¹(lloourrit
1089 517 1169 650 ergto
1218 500 1266 567 eie
1286 508 1472 651 ςιοοῖοζιιω
1495 505 1546 603 est
1567 501 1705 654 mffl’
1739 501 1957 653 utbdsoimem
1979 503 2200 657 hfiillssfflm

191 677 230 733 .
247 628 397 767 ...ιι
425 601 495 770 ..ι
520 666 654 736 ι...
687 603 1167 773 liutpertus
1219 604 1703 774 mitteretur
1731 609 1857 773 uu
1876 600 2199 744 torreto:

192 760 321 819 retrone
334 752 410 838 plue
423 756 573 822 montore
590 753 832 840 pudone-mbrl
853 755 1027 842 egentrbue
1047 756 1167 824 volut:
1219 757 1380 825 molestie.
1424 761 1455 823 A
1491 779 1533 825 ue
1555 757 1743 825 huiusmodi
1764 766 1851 828 mtee
1871 779 1993 845 penum
2023 762 2123 830 huius
2145 765 2198 828 vel

192 835 467 922 quemedmodum
488 858 588 925 supre
609 839 721 926 ettigi,
751 849 804 908 ost
824 840 911 908 onim
933 850 1168 929 argumentum
1218 841 1310 910 illios
1324 864 1412 911 nuno
1426 864 1464 910 or
1489 845 1496 860 '
1523 845 1671 925 is,nuno
1690 844 1824 932 regnier
1848 846 2014 912 nominei
2059 848 2067 863 ‘
2114 851 2198 917 innt.

190 922 355 990 omnimo
375 923 417 992 ed
438 925 561 994 minue.
1219 926 1309 1012 Quid
1346 939 1455 996 eutem
1491 951 1535 998 ex
1571 930 1710 998 odrorso
1744 931 1881 1015 spiritus
1913 951 1973 1015 per
2004 951 2043 999 os
2106 933 2197 1001 sulit

279 1009 330 1077 10.
354 1010 419 1095 Quo·
445 1010 591 1080 lodorore
610 1031 672 1079 eoo
691 1010 765 1080 esd
809 1010 921 1096 Quum
943 1015 1103 1099 seriptum
1124 1015 1168 1083 sit
1219 1034 1338 1099 nempe
1358 1013 1556 1102 irregulares
1577 1019 1612 1083 et
1632 1014 1836 1083 inordinetoe
1856 1035 1972 1084 omnes
1993 1021 2196 1102 pronuntiet,

189 1095 598 1201 (Psel.128‚2):neetoe
619 1120 666 1181 es,
687 1095 833 1165 lebomm
855 1119 1012 1166 mennum
1034 1104 1167 1167 tuorum
1219 1120 1414 1186 quoeunque
1436 1101 1534 1169 titulo
1556 1110 1763 1170 oeuseentur.
1803 1102 1897 1169 Nihil
1918 1103 1972 1170 hio
1993 1103 2118 1172 referre
2138 1125 2198 1172 ne·

188 1183 378 1284 eomodens:
418 1196 498 1252 rtem
536 1182 687 1270 (Proser.
711 1183 764 1266 10,
792 1182 842 1273 4)=
876 1183 1070 1255 Benediotio
1102 1186 1168 1254 Do-
1218 1206 1308 1254 ooese
1337 1195 1390 1255 ost
1412 1197 1572 1339 {pentum
1594 1208 1724 1271 semper
1744 1187 1847 1255 otiose
1868 1189 2106 1257 moneohorum
2127 1193 2200 1257 vite

189 1286 271 1334 mem
299 1289 399 1353 super
425 1290 544 1340 menne
565 1268 760 1340 leborentis:
787 1279 913 1342 oertum
935 1281 987 1339 est
1009 1271 1166 1339 desidium
1218 1270 1402 1340 senioribus
1441 1272 1627 1356 'epliooerit
1662 1272 1876 1341 Memorabile
1897 1288 1950 1342 ost
1970 1274 2054 1342 illud
2074 1278 2198 1344 veteris

189 1354 396 1422 eoioertiem
417 1376 439 1421 e
452 1356 526 1424 Deo
547 1355 707 1424 meledioi.
745 1355 875 1425 Deinde
896 1358 1018 1426 seimus
1039 1358 1081 1425 ed
1103 1358 1166 1428 hoo
1218 1357 1370 1425 moneohi
1392 1357 1526 1444 dietum,
1548 1357 1633 1444 quod
1656 1359 1832 1428 eSooruto
1852 1359 2006 1442 refertur,
2028 1360 2198 1428 Histories

189 1451 336 1508 mentum
361 1460 434 1509 esee
454 1440 622 1509 hominem
644 1451 682 1509 ut
703 1441 826 1527 eliquid
848 1452 936 1529 eget.
979 1442 1078 1528 Quod
1099 1466 1164 1512 non
1217 1443 1403 1527 tripartitae
1423 1445 1479 1512 lib.
1497 1445 1535 1523 8,
1567 1446 1777 1527 bioneohum,
1831 1447 1867 1512 ui
1890 1447 2041 1514 menibus
2063 1466 2129 1515 non
2150 1448 2198 1514 le·

188 1523 285 1592 modo
316 1526 480 1610 seripture
511 1528 605 1596 nobie
636 1536 789 1610 murt,
821 1528 880 1596 eod
913 1539 1032 1597 uetere
1063 1532 1165 1598 etiem
1218 1527 1320 1614 boret,
1341 1530 1498 1615 praedoni
1514 1551 1585 1600 osso
1599 1532 1749 1600 similem.
1830 1532 1863 1598 ie
1877 1550 1945 1599 non
1966 1552 2198 1616 oommomoro,

188 1619 305 1696 mutes
342 1611 463 1682 doouit.
522 1616 676 1698 Aequum
708 1635 788 1701 ergo
826 1624 887 1697 est,
905 1668 908 1675 .
926 1624 965 1683 ut
994 1617 1049 1701 qui
1078 1638 1114 1684 se
1144 1638 1164 1683 e
1217 1635 1324 1699 nequo
1352 1637 1435 1700 opus
1462 1627 1528 1684 est:
1560 1617 1704 1685 sullioiet
1732 1615 1827 1684 nobis
1856 1616 1937 1687 beon
1964 1619 2103 1702 apostoli
2124 1639 2199 1687 sen·

187 1699 353 1765 eommuni
375 1700 448 1786 loge
479 1700 624 1768 eximere
645 1700 774 1780 volunt,
804 1701 893 1768 viotu
913 1703 1013 1769 etiem
1042 1700 1165 1770 loboris
1216 1702 1322 1767 tentis
1349 1723 1413 1786 que
1442 1704 1634 1788 pronuntiet
1663 1702 1839 1770 dissolutos
1862 1723 1935 1771 osse
1963 1714 1998 1770 et
2018 1706 2110 1788 queri
2138 1725 2199 1772 ex·

189 1783 339 1852 meroeds
370 1786 554 1870 priventur.
606 1785 718 1868 Quum
750 1797 860 1853 eutem
889 1789 1057 1874 preeoepit
1086 1809 1162 1872 epo-
1215 1785 1313 1871 leges.

190 1869 295 1938 stolus
317 1891 359 1937 oo
380 1871 464 1938 telos
491 1871 641 1950 ederem,
669 1891 737 1939 non
764 1871 931 1957 sipniiioet
954 1885 1163 1959 preeoeptum
1303 1872 1398 1940 Nihil
1498 1874 1530 1939 ¹.
1574 1875 1617 1941 In
1638 1877 1765 1959 grseois
1786 1874 1965 1960 pertioipiis
1987 1875 2122 1962 elegeos
2144 1883 2197 1943 ost

190 2042 197 2055 1
253 1955 321 2023 illis
350 1956 493 2036 deum,
525 1957 583 2058 sed
615 1958 758 2060 vetuisse
787 1980 829 2059 no
856 1958 1164 2028 Thesselonioeuses
1215 1894 1856 2061 opooorofflemegoutounqus
1873 1960 1996 2028 imiteri
2011 1982 2087 2061 som
2101 1981 2197 2029 oooe·

189 2043 1020 2229 „epidiimuiiffiffi'fftifflissib
1060 2046 1165 2213 lif:
1216 2044 1958 2218 tritititlmllllbtttst
1982 2067 2106 2233 ‘iiic
2125 2047 2198 2217 ill!

188 2234 262 2316 quse
287 2216 375 2316 enim
398 2214 563 2283 bominem
586 2217 775 2318 eooietetem
794 2217 960 2319 industrie
979 2238 1040 2319 sue
1061 2218 1164 2296 iuvet,
1216 2217 1337 2282 rimum
1348 2215 1501 2319 leborent
1507 2218 1603 2318 otiosi
1614 2217 1773 2318 homines,
1784 2237 1902 2302 nempe
1913 2154 1999 2317 quoa
2009 2229 2198 2367 importune

189 2319 262 2368 erre
276 2301 431 2368 iemrhmn
448 2300 602 2388 regendo,
624 2320 695 2369 ervo
712 2302 843 2386 poblroe
864 2323 935 2371 sivo
956 2311 1087 2387 prrvete
1107 2325 1165 2370 ne-
1217 2302 1448 2369 tumultuando
1475 2303 1538 2370 eibi
1567 2314 1601 2371 ot
1630 2303 1703 2369 elrrs
1732 2312 1810 2369 snut
1840 2303 1982 2372 molesto.
2070 2302 2198 2371 idemne

175 2387 281 2471 ¹gotie
301 2387 571 2467 edministreudo‚
597 2389 668 2456 sive
689 2387 899 2473 oonsuloudo,
920 2389 990 2456 sive
1012 2389 1165 2470 dooeudo,
1217 2389 1306 2455 euim
1334 2408 1400 2470 eos,
1422 2390 1477 2474 qui
1500 2390 1582 2454 nihil
1605 2389 1728 2455 hebent
1750 2389 1883 2473 nogotii,
1904 2388 2003 2474 longe
2024 2388 2098 2473 plus
2119 2391 2195 2456 feti·

189 2481 223 2539 et
252 2492 444 2557 quoeunque
472 2473 536 2540 elie
565 2477 706 2555 ratione,
738 2475 767 2541 ie
792 2475 880 2542 inter
907 2475 1029 2543 otiosos
1050 2496 1164 2543 numo·
1218 2473 1302 2560 geri,
1331 2475 1416 2540 nihil
1445 2475 1587 2561 egendo,
1620 2494 1717 2557 quum
1745 2475 1773 2540 oi
1803 2475 1837 2554 in
1866 2493 1964 2559 opere
1990 2474 2088 2543 velde
2110 2477 2196 2541 serio

176 2557 312 2626 -rendus
340 2580 407 2625 non
435 2566 496 2627 oet.
538 2559 625 2626 Nom
653 2561 776 2627 inertes
790 2562 894 2633 ,tuoos
916 2569 1009 2628 texet
1029 2561 1165 2646 Penios,
1217 2569 1463 2644 ooouperenlur.
1507 2560 1585 2627 Huo
1613 2560 1693 2628 illue
1720 2562 1895 2627 oureitent:
1924 2580 2115 2645 quoeunque
2138 2581 2198 2627 ve·

189 2645 247 2729 qui
261 2645 378 2714 olienis
393 2647 510 2712 meunt
527 2646 709 2725 sudoribus,
732 2667 832 2730 quum
853 2647 916 2731 ipsi
935 2648 971 2713 in
993 2667 1165 2715 eommune
1217 2646 1330 2726 niunt,
1362 2666 1516 2731 megnem
1543 2646 1769 2714 lassitudinem
1791 2667 1870 2730 pree
1891 2666 1926 2713 se
1948 2645 2075 2712 ierunt:
2107 2646 2198 2713 oolli-

190 2731 275 2797 nibil
289 2733 458 2799 oonierent
471 2732 569 2800 offleii
583 2734 625 2799 ed
643 2732 824 2809 iuvendum
846 2731 1028 2800 homonum
1051 2754 1165 2819 genoe
1217 2736 1303 2882 gunt
1340 2752 1456 2798 omnes
1491 2752 1657 2813 rumores,
1700 2752 1757 2798 eos
1793 2731 1981 2799 turbulente
2017 2732 2196 2818 dissipent:

190 2816 315 2899 Queles
342 2832 423 2885 sunt
449 2819 555 2884 nostri
581 2817 733 2886 moneohi
764 2827 797 2884 et
819 2818 973 2897 seorifioi,
1003 2821 1059 2903 qui
1081 2818 1165 2886 nihil
1240 2818 1306 2885 ines
1343 2839 1398 2883 eos
1431 2819 1525 2904 regni
1558 2818 1658 2884 unius
1690 2819 1809 2886 molem
1842 2817 1989 2884 humeris
2021 2819 2195 2885 suednsre.

190 2903 333 2990 egendo,
362 2904 452 2990 lorge
477 2905 685 2989 saginentur:
715 2904 779 2970 nisi
801 2903 886 2989 quod
909 2904 1009 2972 teedii
1030 2904 1166 2973 iellendi
1217 2903 1328 2971 Huius
1357 2905 1404 2971 rei
1434 2924 1477 2970 en
1506 2904 1612 2972 ullum
1634 2912 1742 2989 potest
1763 2905 1925 2970 illustrius
1946 2904 2113 2987 epeonlum
2136 2904 2197 2970 he·

190 3009 290 3058 oeuse
303 2991 338 3057 in
360 2990 492 3076 templie
513 2988 696 3057 oentissent.
731 2989 807 3056 Hoo
827 3009 905 3058 sene
928 2999 979 3057 est
998 2989 1052 3076 (ot
1065 2991 1165 3059 Pleu·
1217 2990 1288 3057 beri
1302 3010 1401 3074 quem
1417 2991 1452 3056 in
1468 2989 1657 3058 moneobis?
1688 2989 1785 3071 Quod
1800 2991 1887 3056 enim
1902 2990 2073 3057 hominum
2091 3010 2197 3075 ςοιιιιο

176 3086 243 3143 ¹tus
264 3075 386 3164 inquit)
406 3079 528 3144 musice
550 3076 702 3162 virers¹).
1217 3078 1324 3161 megin
1364 3075 1570 3160 inquietum?
1612 3076 1668 3143 ubi
1705 3078 1809 3142 meior
1845 3085 1961 3161 regnu
1997 3074 2196 3142 euriositesi

895 3177 896 3180 ’
1218 3162 1329 3244 Quum
1360 3173 1471 3228 eutem
1500 3160 1633 3229 morbus
1661 3161 1715 3229 hio
1737 3164 1772 3227 in
1794 3160 1959 3245 publicum
1981 3161 2123 3227 exitielis
2143 3163 2198 3239 sit,

278 3250 328 3318 11.
351 3250 513 3318 Ausim
538 3251 622 3318 eodm
646 3251 798 3334 quosdam
824 3254 981 3317 effrontes
1007 3252 1089 3316 iuter
1112 3271 1167 3319 ooo
1217 3250 1284 3315 otio
1305 3268 1372 3314 uon
1394 3268 1466 3315 esse
1488 3247 1641 3314 olendum
1663 3247 1814 3314 edmonet
1835 3246 1971 3313 Penius.

190 3337 377 3420 mdeste,
397 3337 596 3422 nibiloperr'o
609 3341 744 3423 operm,
765 3336 821 3404 eod
842 3336 964 3403 tormer
984 3341 1166 3422 mtopoutes.
1305 3334 1356 3400 12.
1382 3333 1515 3401 Tolldroe
1540 3339 1643 3400 orden
1658 3334 1886 3417 praemimur.
1929 3332 2117 3417 Utrumque
2146 3335 2196 3399 vi·

191 3422 242 3490 12.
274 3423 407 3492 Talibus
438 3429 543 3490 oulen
673 3424 799 3502 'boue
832 3421 1083 3489 dobeooromue
1104 3443 1168 3505 per
1218 3420 1314 3504 tium,
1342 3421 1436 3487 ouius
1464 3421 1670 3498 memineret,
1703 3421 1787 3486 oorri
1812 3420 1850 3485 ‘tt
1885 3417 2120 3486 tumultuosum
2143 3420 2196 3484 in·

190 3508 363 3577 Donum
394 3515 536 3577 noem
564 3442 877 3592 mebrorum,
910 3511 947 3573 or
972 3527 1043 3574 oum
1069 3510 1168 3591 quiete
1218 3504 1460 3607 quietudinem,
1489 3517 1522 3606 et
1548 3507 1653 3573 otium
1674 3506 1716 3570 eb
1737 3506 1810 3570 uti'
1834 3505 1953 3572 lebore.
1990 3504 2094 3606 ⁸Iubet
2115 3525 2195 3590 ergo

188 3601 348 3679 operm
368 3615 464 3662 emm
488 3597 631 3679 ipsorum
639 3615 758 3679 ponem
775 3595 877 3662 aaut.
913 3592 963 3660 13.
985 3593 1047 3662 Ver
1064 3600 1168 3662 euleu
1218 3611 1361 3677 promum
1382 3601 1421 3658 ut
1442 3601 1584 3676 quietem
1605 3591 1727 3658 ooleot:
1750 3591 1811 3657 hoo
1833 3598 1893 3674 est,
1914 3590 2042 3674 pleorde
2062 3611 2098 3658 se
2119 3609 2196 3657 oon·

187 3681 316 3763 treber,
335 3699 375 3746 oe
394 3680 608 3767 deferimini
628 3679 854 3762 ὸοηοῐαοίοιιᾱο.
1219 3680 1346 3745 tineent
1366 3678 1455 3744 intre
1477 3678 1657 3745 voootionis
1678 3697 1758 3743 suen
1780 3677 1950 3743 terminos:
1973 3676 2060 3759 quod
2081 3675 2196 3762 lingon

1220 3773 1332 3830 nostre
1357 3763 1511 3839 dioimne,
1540 3783 1639 3832 sene
1657 3763 1765 3829 ieire
1786 3760 1913 3828 broit
1957 3759 2011 3827 Ite
2031 3762 2120 3827 enim
2142 3781 2196 3828 res

279 3853 330 3918 11.
351 3853 513 3920 Audimus
540 3853 701 3936 prsoedom.
746 3851 935 3918 Verisimile
960 3861 1010 3918 est
1032 3850 1093 3917 hoo
1115 3852 1166 3918 fn·
1219 3849 1333 3916 hebet:
1367 3849 1512 3915 meximo
1540 3850 1688 3917 omnium
1717 3847 1826 3932 peoeti
1857 3856 1936 3914 sunt
1956 3848 2014 3930 qni
2043 3848 2138 3914 iustis
2159 3867 2195 3914 se

190 3956 305 4006 eorum
337 3959 443 4091 gEnns
475 3937 653 4090 (ιῖιιοῷἀοῗδ
670 3938 772 4088 inisse
810 3936 914 4088 οιίἕὲἰο
951 3937 1166 4088 mtoneohetfls
1218 3935 1388 4087 leboriblrlr?l
1415 3943 1584 4089 ἱιῖοιοοιιιιι
1616 3955 1653 4037 es
1685 3943 1795 4084 eutssm
1818 3941 1861 4085 det
1878 3932 2020 4085 ⁸ebreorum
2000 3931 2196 4017 perturbent

189 4283 235 4350 llo
267 4282 446 4368 Augustini
482 4295 629 4367 tempore
657 4280 724 4348 iem
757 4215 837 4347 abeo
869 4279 1091 4358 invelnment,
1128 4289 1165 4347 ot
1216 4277 1425 4358 inonmbent,
1453 4279 1526 4346 eine
1552 4243 1673 4364 ouibus
1699 4299 1836 4346 erronee
1864 4289 1915 4344 est
1966 4276 2086 4353 ominis
2114 4275 2194 4344 ritu

188 4372 322 4436 ooeotns
359 4368 459 4434 fuerit
491 4369 660 4454 proprium
688 4366 808 4435 librum
837 4366 979 4434 seribere
1006 4365 1165 4434 edversue
1215 4362 1313 4430 Unde
1334 4373 1368 4431 et
1389 4362 1451 4431 hoo
1473 4364 1605 4431 tortium
1626 4365 1789 4450 sequitur,
1817 4373 1861 4430 ut
1881 4381 1992 4429 enum
2013 4363 2193 4446 ipsorum

188 4455 312 4522 otiosos
339 4453 530 4522 monsohos:
562 4453 619 4521 ubi
650 4452 766 4521 morito
798 4451 840 4518 de
865 4474 979 4519 eorum
1011 4450 1165 4536 superbie
1215 4470 1355 4534 penem
1384 4448 1515 4517 edent.
1558 4449 1633 4535 Quo
1661 4449 1824 4538 signifloet
1851 4454 2002 4534 oportere
2032 4467 2093 4514 suo
2120 4468 2193 4515 osee

186 4541 409 4626 oooqoeritue
442 4539 527 4625 quod
548 4538 730 4625 epostolum
763 4544 950 4606 monentem
972 4547 1165 4624 spernentes
1215 4543 1396 4616 eontentos,
1419 4555 1462 4602 ne
1478 4536 1553 4603 eliis
1573 4556 1694 4691 ffim
1715 4535 1784 4605 rint
1804 4533 1859 4602 vel
1880 4533 2070 4618 importuni
2107 4533 2194 4601 Bibe

188 4646 255 4693 noo
283 4635 412 4693 tentum
442 4626 483 4693 eb
512 4626 705 4693 infirmitete
732 4645 769 4692 so
796 4634 969 4692 monmnt:
1003 4623 1061 4691 sed
1089 4621 1163 4690 ideo
1215 4641 1334 4707 equum
1349 4642 1391 4689 ex
1406 4622 1473 4688 tuis
1490 4621 1571 4691 fonti
1617 4621 1774 4708 s‚inqnit
1787 4618 1923 4689 Selorum
1935 4617 2051 4706 (Prov.
2064 4618 2097 4700 b,
2121 4617 2192 4706 1o):

188 4712 368 4781 mnotioros
396 4712 469 4779 eliis
489 4710 640 4778 omnibus
661 4708 764 4778 videri
786 4710 914 4790 volunt,
944 4711 1021 4795 quie
1041 4717 1164 4776 veoent
1215 4712 1250 4773 ot
1271 4706 1420 4774 defluent
1439 4707 1502 4776 riri
1525 4708 1567 4774 ed
1589 4708 1724 4776 vioinoe.
1763 4705 1856 4775 Hono
1877 4705 1985 4791 prime
2004 4705 2059 4772 lex
2082 4707 2194 4790 eequi-

188 4797 407 4867 eleboribusr
429 4798 548 4864 merite
565 4797 735 4865 invehitur
755 4797 792 4862 in
812 4796 899 4863 beno
920 4794 1162 4881 indiguitetem,
1215 4797 1302 4872 tetis,
1331 4810 1375 4858 ne
1395 4792 1472 4876 quis
1491 4793 1600 4861 eliene
1620 4802 1766 4881 usurpet,
1787 4790 1846 4861 sed
1867 4812 1906 4859 eo
1927 4799 2056 4859 mutum
2077 4799 2192 4857 utetur

211 4883 285 4970 uod,
314 4883 370 4951 ubi
392 4883 546 4952 leboriosi
567 4891 648 4951 sunt
668 4891 854 4964 moerores,
884 4882 994 4969 opifex
1014 4890 1075 4948 eut
1095 4900 1163 4948 ror·
1214 4878 1302 4964 quod
1322 4898 1419 4946 suum
1441 4898 1557 4947 vooere
1578 4881 1650 4948 inre
1671 4887 1789 4966 potest
1833 4877 1959 4958 Altero,
1989 4895 2033 4945 ne
2052 4876 2193 4962 quisque

174 4903 284 5038 bidos
312 4990 377 5037 non
407 4977 537 5036 tentum
565 4971 688 5038 otiosus
709 4970 817 5050 vivet,
844 4969 902 5037 sed
924 4966 1082 5037 desidium
1103 4986 1163 5052 pro
1213 4984 1376 5049 seorsum,
1405 4972 1562 5049 tenorem
1591 4984 1712 5051 gurges
1740 4964 1875 5050 uliquis,
1904 4962 2078 5031 ebeorbeet
2105 4961 2193 5048 qood

184 5056 360 5125 emotitete
381 5054 541 5122 venditet.
577 5055 671 5123 Heeo
692 5053 823 5140 quidem
844 5054 910 5122 ille.
947 5052 1016 5120 Sed
1037 5054 1164 5121 intereo
1215 5051 1331 5118 hebet:
1352 5048 1410 5118 sed
1438 5051 1473 5116 in
1494 5051 1661 5135 proximos
1683 5050 1729 5118 sit
1748 5050 1923 5132 beuefious,
1945 5069 2123 5134 eorumque
2143 5050 2192 5113 in·

188 5180 336 5187 -———-
375 5179 390 5186 --
1215 5137 1322 5221 opiem
1339 5155 1400 5203 sue
1421 5136 1622 5204 ebundentie
1642 5135 1800 5206 sublevet.
1837 5135 1893 5204 Ite
1912 5135 2003 5204 iubet
2024 5134 2194 5221 spostolus

275 5247 298 5316 ¹)
318 5245 389 5303 Vide
406 5243 505 5302 nmo
521 5242 723 5303 Romam
759 5249 812 5302 aot.
829 5242 892 5301 111.
929 5241 1010 5300 Set
1034 5243 1079 5297 40.
1215 5243 1279 5307 eor,
1306 5222 1361 5307 qui
1384 5223 1476 5308 prius
1497 5222 1594 5291 otiosi
1614 5221 1755 5303 fuerent,
1778 5222 1943 5301 laborem,
1972 5241 2037 5289 non
2058 5226 2196 5288 tentum

1900 5341 1950 5396 14⁸
