4762 6016
1018 1855 1362 1991 Aaounnpnupt
1389 1919 1407 1973 4
1435 1936 1440 1951 .
1469 1933 1502 1947 ..
1643 1938 1679 1970 „

189 2304 221 2341 ἐκ
256 2283 443 2370 -Philipp'os
475 2281 590 2349 urbem
634 2301 706 2349 eree
746 2279 956 2350 hlaoodonise
994 2281 1091 2348 sitam
1128 2281 1164 2346 in
1217 2280 1258 2347 ds
1291 2282 1360 2350 vita
1383 2258 1572 2367 periolitiri
1599 2278 1728 2369 'rident
1764 2276 1940 2370 'Ostendit
1978 2282 2080 2369 igitur
2104 2274 2203 2355 ”adeo

183 2370 349 2449 phanes
368 2369 500 2447 tinibus,
530 2369 611 2436 eatis
633 2375 747 2434 notum
768 2375 835 2434 eet:
863 2367 900 2433 in
926 2367 1022 2436 onius
1042 2365 1165 2450 eampis
1217 2367 1302 2434 nihil
1322 2366 1401 2434 in'de
1421 2367 1711 2470 minuierangelii
1733 2367 1884 2462 gloriam,
1910 2371 1947 2434 ut
1968 2368 2079 2453 potius
2100 2375 2209 2456 argu·-

188 2457 296 2525 riolus
316 2476 338 2521 a
358 2455 501 2523 ansaro
521 2453 797 2540 tuitPompeius:
821 2450 937 2520 deinde
958 2451 1001 2519 ab
1015 2451 1164 2519 Antonio
1216 2454 1440 2521 mentumsit
1468 2454 1742 2530 eonfirma'tronis:
1770 2473 1809 2520 ao
1837 2448 1937 2528 simul
1966 2460 2021 2522 eos
2051 2456 2201 2541 exemplo

187 2551 226 2610 et
242 2540 529 2610 OetarioBrutns
557 2539 758 2606 stemnius
802 2538 855 2606 Ita
880 2539 1052 2606 Romanae
1079 2537 1169 2605 sedi-·
1217 2546 1278 2607 suo
1300 2539 1425 2618 inuitat,
1447 2548 1487 2605 nt
1505 2541 1610 2624 parati
1632 2541 1706 2608 sint
1721 2539 1764 2607 ad
1782 2541 1902 2624 omnia
1941 2532 2202 2609 Tandem‘br'eri

188 2628 424 2695 donationum
452 2626 579 2694 dnobus
600 2624 820 2693 memorandis
849 2625 983 2710 praeliis
1004 2623 1165 2691 eelebrem
1217 2625 1260 2691 ad
1282 2626 1443 2691 unitatem
1472 2634 1506 2690 et
1527 2625 1720 2708 patientiam
1750 2626 1979 2709 exhortatione
2009 2630 2109 2712 eaput
2129 2627 2207 2711 'pri-²

188 2713 411 2783 reddiderunt.
456 2711 568 2793 Quum
585 2711 712 2780 Paulus
733 2712 865 2780 oraoulo
888 2712 922 2777 in
938 2709 1165 2778 hiaoedoniam
1219 2731 1310 2777 mum
1340 2710 1472 2778 claudit.
1525 2710 1613 2792 Quis
1641 2720 1752 2778 antem
1780 2711 1915 2779 ambitio
1945 2712 2013 2780 iere
2041 2718 2202 2798 perpetua

190 2800 314 2867 eooitus
335 2808 430 2877 esset,
453 2799 488 2863 in
506 2818 545 2864 ee
562 2799 706 2881 primum
722 2797 802 2864 urbe
819 2797 988 2865 eoelesiam
1003 2795 1166 2879 fundavit,
1219 2805 1269 2863 est
1292 2796 1526 2863 dinoot-diarum
1552 2807 1665 2874 mater,
1696 2797 1796 2867 unde¹
1812 2800 1850 2864 fit
1878 2807 1915 2864 nt
1948 2798 2082 2866 ianuam
2112 2806 2202 2884 pate

191 2884 463 2970 quemadmodum
498 2884 599 2951 refert
630 2886 665 2949 in
697 2884 778 2950 sotis
811 2884 935 2950 Lunae:
970 2902 1068 2966 quem
1102 2902 1166 2947 non
1218 2884 1317 2949 faeiat
1337 2884 1431 2950 novis
1454 2893 1487 2948 et
1517 2883 1631 2950 alienis
1652 2883 1824 2951 doetrinis:
1855 2884 1950 2952 initio
1981 2883 2117 2952 seeundi
2146 2907 2203 2952 oa·

191 2970 289 3041 modo
310 2978 498 3038 oonstanter
519 2970 555 3035 in
577 2970 642 3035 fide
663 2969 852 3052 perstitiose,
881 2969 938 3036 sed
961 2969 1060 3034 etiam
1084 2975 1166 3032 tem·
1219 2969 1297 3052 pitis
1320 2969 1548 3036 vehementius
1570 2990 1625 3036 eos
1647 2970 1840 3055 obtestatur,
1863 2978 1900 3037 ut
1922 2970 2005 3037 nihil
2030 2971 2122 3055 prius
2145 2968 2203 3037 ha·'

193 3059 283 3143 poris
308 3076 469 3140 snoeeseu,
501 3061 535 3121 et
564 3055 735 3121 hominum
765 3073 914 3134 numero,
948 3063 981 3119 et
1007 3055 1167 3120 virtutum
1219 3055 1318 3120 beant
1340 3054 1525 3121 hnmilitate
1547 3063 1581 3121 et
1595 3053 1764 3122 modestia.
1801 3054 1856 3122 Ad
1876 3056 1909 3122 id
1925 3056 2074 3141 pluribus
2096 3058 2209 3143 utitur

255 3144 357 3210 iootn·
376 3151 505 3208 anetem
540 3142 656 3221 fuisse,
693 3143 786 3208 testis
823 3152 872 3207 est
910 3141 990 3206 haee
1023 3139 1167 3224 epistola.
1220 3141 1432 3226 argumentis.
1471 3142 1515 3206 Et
1530 3161 1593 3224 quo
1612 3141 1731 3208 melius
1746 3161 1801 3206 eos
1816 3141 1969 3226 retineat,
1991 3142 2202 3209 Timotheum

191 3162 298 3296 peirn
325 3227 406 3294 haee
435 3229 476 3293 ad
506 3227 737 3310 Philippenses
764 3227 929 3294 seribendi
952 3224 1054 3292 Pa'nlo
1085 3225 1169 3290 ratio
1220 3246 1256 3293 se
1277 3226 1344 3291 illie
1367 3227 1459 3295 brevi
1480 3227 1657 3293 missurum
1678 3228 1859 3310 promittit:
1881 3228 1948 3293 imo
1962 3248 2055 3312 spem
2074 3248 2204 3313 quoque

193 3316 266 3382 luit.
311 3313 422 3395 Quum
444 3333 504 3397 per
517 3311 788 3398 Epaphroditum
810 3322 973 3396 pastorem
999 3332 1097 3379 suum
1119 3310 1169 3375 illi
1221 3311 1302 3379 lauit
1333 3312 1398 3378 sui‘
1418 3312 1590 3379 adventus.
1635 3313 1753 3379 Postea
1786 3322 1922 3381 exousat
1955 3332 2083 3380 moram
2114 3314 2204 3398 ilpe-

194 3401 365 3467 mieiseent
385 3418 470 3483 qnae
491 3401 600 3467 vineto
623 3399 665 3465 ad
681 3400 783 3465 vitam
807 3397 1010 3466 tolerandam
1024 3399 1170 3478 aliosque
1223 3397 1377 3482 phroditi.
1417 3399 1528 3464 Tertio
1541 3398 1648 3482 eapite
1666 3399 1702 3463 in
1716 3397 2005 3484 pseudoapostolos
2022 3399 2207 3486 invehitur,

195 3485 475 3553 extraordinarios
493 3494 645 3568 sumptus
660 3504 742 3568 opus
756 3494 866 3552 erant:
886 3505 950 3550 non
967 3484 1101 3550 dubium
1121 3494 1171 3548 est
1223 3484 1407 3567 refellitqne
1434 3494 1502 3550 tam
1524 3485 1639 3550 inanes
1668 3504 1784 3551 eorum
1805 3486 1990 3570 iaetantias,
2020 3486 2207 3569 quam'oir·

197 3573 276 3667 quin
298 3570 544 3656 Epaphroditus
566 3579 671 3637 totum
701 3571 731 3637 ei
752 3571 850 3638 mmul
872 3578 995 3638 etatum
1018 3570 1171 3637 eoelesiee
1223 3569 1430 3637 cumeisionis
1465 3571 1647 3637 doetrinem
1681 3588 1778 3654 quem
1810 3571 1986 3657 urgebant.
2043 3569 2209 3655 Omnibus
2341 3567 2344 3576 ’

197 3658 404 3743 exposuerit:
429 3658 635 3741 monitorque
657 3658 757 3723 fuerit
778 3658 819 3723 ad
841 3677 881 3724 ea
902 3656 1109 3742 suggerenda
1131 3655 1172 3719 de
1196 3678 1200 3741 3
1223 3655 1355 3722 illorum
1377 3656 1571 3722 eommentie
1600 3656 1737 3739 opponit
1766 3676 1871 3723 unum
1894 3656 2083 3725 Christum:
2115 3662 2210 3741 arro-j

196 3744 317 3829 q'nibns
339 3744 493 3811 monendi
515 3743 632 3810 forent
677 3742 732 3827 Ap
755 3752 825 3810 aret
845 3754 956 3809 autem
984 3763 1004 3808 a
1035 3741 1172 3826 psendo-
1224 3742 1366 3828 gantiae,
1395 3750 1463 3808 tam
1493 3742 1636 3827 priorem
1663 3761 1759 3809 snam
1788 3742 1891 3809 vitam
1921 3764 2020 3827 quam
2048 3762 2206 3827 praesens

199 3828 363 3915 apostolis,
384 3829 441 3913 qui
463 3833 541 3897 tune
555 3829 675 3913 passim
698 3763 959 3914 sdspngsndss
976 3848 1075 3895 sanae
1098 3828 1173 3895 doe·
1225 3830 1425 3912 institutum,
1448 3829 1483 3894 in
1505 3847 1570 3912 quo
1592 3828 1759 3896 relue'ehat
1774 3848 1855 3895 vera
1875 3830 1984 3915 imago
2001 3829 2214 3926 ἰιιιιιᾳιὶιιιιρι

198 3916 307 3983 trinos
328 3914 530 3999 eorruptelae
558 3914 760 3996 oberrabant,
789 3915 888 3981 tuisse
911 3923 1062 3981 tenmtoe.
1106 3911 1175 3979 Sed
1226 3914 1368 3998 pietatis.
1412 3914 1459 3979 Et
1480 3914 1570 3980 huno
1591 3913 1801 3998 perfeetionis
1821 3922 1954 3982 nostrae
1976 3935 2111 4000 soopum
2133 3934 2214 4007 esee*

200 4003 278 4086 qnia
297 4002 333 4066 in
355 4003 496 4068 veritate
524 4002 744 4085 perstiterant,
774 3999 889 4067 laudat
909 4000 1035 4067 Paulus
1060 4018 1175 4065 eornm
1227 3999 1390 4078 admonet,
1419 4020 1484 4083 quo
1505 3998 1696 4065 enitendum
1718 4000 1761 4065 eit
1783 4003 1853 4067 tots
1874 4001 1961 4077 vitat
1986 4002 2214 4090 emmonius,

201 4088 432 4155 oonstantiem.
469 4087 645 4154 Gestorum
660 4104 785 4153 memor
800 4087 963 4152 hnmanae
977 4085 1176 4170 tragilitatis,
1228 4086 1352 4151 tionem
1367 4084 1488 4152 habere
1504 4105 1579 4154 eum
1594 4085 1734 4153 Ohristo'
1751 4087 1867 4152 mortis
1886 4093 1922 4171 et
1941 4085 2207 4171 resurreetionis':

201 4181 239 4249 et
252 4224 256 4230 .
269 4173 410 4240 tortasse
441 4173 585 4244 monitus
615 4172 661 4237 ab·
687 4171 912 4256 Epaphrodito
944 4179 1073 4272 mature
1088 4189 1176 4272 ‘osse
1228 4189 1352 4270 suoque
1380 4170 1530 4270 enemplo
1560 4169 1593 4272 id
1609 4170 1821 4273 ,WPPFQ
1867 4171 2033 4253 Quartnm‘
2046 4168 2166 4265 ,eaput
2180 4169 2212 4238 a

202 4258 1177 4430 ttttttrtltltlm‘ltlltlt
1228 4256 1636 4428 ttltlllbtpttlt
1657 4256 2213 4443 llllltliplilrliig‘liidss

203 4429 334 4513 quidem
356 4430 402 4525 de
418 4433 473 4514 pio
495 4450 574 4516 erga
595 4430 668 4497 illos
689 4429 791 4496 animi
812 4431 864 4496 sui
884 4429 1004 4498 affeetu
1025 4434 1177 4522 testatus
1229 4428 1277 4513 lip
1300 4447 1396 4496 enses
1424 4428 1634 4525 grahtudinis
1662 4430 1867 4527 testimonio:
1898 4440 1944 4512 ‘ne
1965 4438 2095 4532 ‚putent
2123 4428 2214 4521 male

203 4534 271 4600 qno
290 4515 390 4583 fldem
407 4515 719 4596 siti-sonsitiss-os
731 4533 768 4583 so
780 4535 823 4582 ao
842 4517 910 4583 suis
932 4512 1081 4585 vinealis·
1093 4521 1178 4581 trao-
1229 4448 1528 4600 notionemque
1555 4514 1597 4583 ad
1610 4514 1857 4607 ,sublevandam
1879 4517 1951 4599 eine
1967 4516 2116 4607 mopiam
2137 4520 2217 4605 ¹seros

200 4605 270 4669 tate
289 4603 506 4670 ure-tumturn
526 4602 593 4670 sint
615 4603 726 4671 animo
758 4602 836 4687 quis
864 4601 958 4669 illum
982 4608 1116 4687 eaptum
1133 4607 1179 4698 et
1232 4608 1404 4686 gererent
1665 4619 1669 4628 ·
1795 4610 1828 4621 ·’
1880 4624 1881 4628 ’
1919 4608 1939 4637 ·’
2004 4605 2008 4618 ’

212 4795 218 4805 ι
238 4798 256 4813 Ι,
338 4798 342 4805 ι
414 4790 419 4808 Ι

208 4807 276 4837 j'n'·
315 4806 385 4833 Ι,,ί
497 4816 500 4827 1
529 4814 531 4819 ¹
564 4820 568 4827 ,
711 4808 713 4815 ’

208 4860 246 4919 fd's
273 4889 355 4923 ''st'‘
400 4888 441 4918 IL:
468 4906 473 4916 ι
538 4884 562 4909 ¹¹
674 4902 677 4913 ¹
817 4880 820 4887 λ

227 4948 253 4967 'e

247 4972 274 4985 aa
335 4971 339 4979 ·
420 4964 424 4981 Ι
593 4973 599 4986 ·.

205 5052 365 5094 niumm·
400 5052 486 5084 ι’·..’
546 5076 549 5083 .
618 5072 622 5081 .
703 5072 706 5079 ,

205 5118 422 5181 istut-‘vl'
455 5142 462 5177 '.
629 5126 633 5133 ’

206 5337 218 5373 d
283 5332 290 5347 ‘
329 5336 373 5348 “”“
422 5336 425 5343 ’
527 5330 564 5375 .’

246 5382 250 5395 ⁸
309 5393 313 5399 .

205 5392 250 5443 ἂμ
277 5400 301 5435 ..Ι
353 5406 359 5417 ’
395 5406 422 5431 ει·
524 5418 527 5432 Ι
660 5420 663 5427 ¹
735 5408 740 5417 ⁴
764 5416 769 5425 '
