4762 6016
306 1348 836 1448 COMMENTARIUS
868 1350 938 1447 IN
966 1347 1344 1447 EPISTOLAM
1372 1348 1577 1446 PAULI
1603 1348 1696 1445 AD
1725 1347 2057 1447 EPHESIOS.

1015 1790 1360 1862 ARGUMEN'PUM.

270 2186 437 2270 Ephesum
465 2186 578 2251 urbam
606 2185 706 2251 fuisse
729 2185 827 2252 Asiae
855 2185 993 2251 minoris
1022 2186 1161 2249 nomini·
1216 2189 1351 2251 sterium
1375 2205 1394 2249 a
1416 2185 1554 2250 saeculis
1577 2183 1818 2250 absoonditum:
1847 2185 1904 2251 sed
1933 2187 2027 2251 euius
2053 2186 2183 2270 dispen-

184 2271 246 2337 bus
268 2271 380 2338 multis
402 2270 658 2352 eeleberrimam,
680 2271 760 2336 satis
779 2279 894 2336 notum
912 2279 970 2338 est.
1012 2269 1162 2352 Qualiter
1215 2272 1296 2336 satio
1317 2271 1417 2336 fuerit
1437 2272 1498 2337 sibi
1520 2272 1702 2337 summissa.
1741 2271 1837 2336 Oirea
1854 2273 1953 2336 finem
1975 2274 2093 2337 iterum
2111 2292 2183 2356 pre·

184 2362 297 2424 autem
320 2357 387 2423 illio
409 2358 472 2423 sibi
495 2357 657 2422 Dominus
679 2356 834 2439 populum
858 2358 1047 2441 acquisierit
1063 2354 1162 2421 Pauli
1214 2365 1307 2422 eatur
1336 2365 1372 2422 ut
1394 2357 1486 2422 Deus
1513 2355 1639 2422 imbuat
1666 2356 1828 2439 Ephesios
1857 2356 1959 2422 solida
1980 2356 2105 2424 Christi
2133 2359 2183 2423 in·

184 2463 293 2528 opera,
323 2444 486 2528 quodnam
514 2443 612 2508 fuerit
638 2441 807 2508 exordium
837 2443 1001 2523 eoulesiae,
1029 2443 1162 2525 etquis
1214 2442 1405 2526 telligentia,
1417 2462 1458 2505 ne
1470 2442 1547 2525 quid
1563 2442 1651 2507 aliud
1666 2443 1749 2507 seire
1764 2451 1928 2525 appetant.
1965 2442 2059 2508 llinis
2073 2452 2183 2508 antem

187 2549 392 2614 progressus,
414 2530 523 2594 Luoas
546 2530 579 2594 in
603 2528 695 2594 Astis
717 2530 827 2593 refert.
871 2528 945 2610 Ego
963 2529 1018 2594 hie
1033 2536 1160 2593 tantum
1214 2539 1271 2607 est,
1295 2550 1361 2592 non
1385 2537 1512 2592 tautum
1530 2537 1567 2591 ut
1584 2537 1634 2591 tot
1650 2528 1877 2593 beneficiorum
1892 2548 2051 2593 memores
2072 2539 2183 2612 gratos

185 2636 226 2681 ea
247 2616 415 2700 attingam,
438 2635 520 2698 quae
543 2614 583 2680 ad
602 2613 769 2698 Epistulae
781 2623 1012 2698 argumentum
1031 2614 1161 2698 proprie
1213 2633 1248 2679 se
1272 2614 1342 2678 Deo
1363 2622 1537 2697 praestent,
1572 2613 1668 2695 idque
1691 2622 1852 2679 testentur
1880 2635 1916 2678 se
1938 2622 2022 2679 totos
2044 2614 2092 2678 illi
2110 2634 2185 2680 ouu-

185 2709 344 2784 speotant.
390 2699 565 2766 llrudierat
580 2699 741 2785 Ephesios
757 2698 882 2765 Paulus
904 2700 939 2764 in
962 2721 1044 2784 pura
1061 2720 1159 2765 evan·
1214 2697 1385 2765 seurando:
1414 2699 1470 2765 sed
1499 2701 1603 2784 magis
1631 2708 1668 2764 ut
1696 2719 1826 2764 omnem
1857 2699 1921 2765 illis
1947 2700 2067 2765 desua
2089 2719 2183 2765 voua-

185 2786 264 2870 gelii
299 2786 457 2853 doetrina.
513 2783 625 2866 Quum
659 2793 743 2851 esset
776 2785 901 2851 Romae
933 2785 1090 2868 eaptivus,
1124 2803 1161 2848 ao
1214 2787 1304 2851 tione
1337 2785 1570 2850 dubitationem
1603 2786 1735 2850 eximat.
1779 2785 1842 2850 Est
1874 2786 1962 2851 enim
1995 2784 2184 2866 verisimile,

186 2872 314 2938 videret
336 2893 391 2937 eos
413 2892 495 2955 opus
516 2870 636 2936 habere
658 2872 917 2937 eonfirmatioue:
947 2871 1077 2954 eoripsit
1100 2870 1161 2934 heo
1214 2872 1355 2936 veritum
1382 2871 1481 2935 fuisse
1504 2870 1643 2935 Paulum
1674 2893 1716 2936 ne
1743 2871 1842 2936 fidem
1871 2891 1983 2936 eorum
2013 2872 2185 2937 turbarent

186 2956 227 3023 de
249 2979 347 3024 eausa
369 2967 574 3040 praesentem
601 2957 780 3040 epistolam.
825 2957 947 3022 Primis
969 2967 1078 3022 autem
1103 2957 1160 3020 tri·
1214 2956 1483 3040 pseudoapostoli,
1516 2957 1608 3040 quasi
1640 2979 1681 3022 ex
1714 2956 1847 3021 dimidio
1882 2966 2010 3022 tantum
2044 2959 2185 3022 fuissent

187 3042 249 3109 bue
271 3042 432 3127 eapitibus
455 3041 627 3126 praeeipue
650 3052 801 3108 versatur
822 3043 858 3106 in
880 3042 1162 3107 oommeudutione
1214 3042 1365 3107 instituti.
1405 3041 1553 3107 Fuerant
1573 3043 1661 3107 enim
1685 3042 1830 3126 gentiles,
1853 3054 1885 3108 et
1900 3064 2018 3126 purum
2034 3043 2184 3108 ohristia·

185 3129 311 3213 gratiae
337 3129 410 3195 Dei.
455 3128 539 3194 Nam
572 3129 685 3195 statim
717 3129 757 3193 ab
790 3128 884 3194 initio
917 3129 1013 3212 primi
1047 3130 1162 3209 eapitis
1214 3129 1356 3192 nismum
1379 3128 1532 3211 amplexi,
1555 3127 1637 3193 nihil
1661 3129 1700 3193 de
1715 3130 1935 3208 eaeremoniis,
1957 3128 2039 3193 nihil
2063 3129 2103 3194 de
2124 3129 2184 3193 oir-

185 3225 260 3298 post
274 3216 505 3280 salutationem
528 3214 568 3278 de
585 3215 729 3299 gratuita
755 3213 818 3280 Dei
840 3214 998 3281 eleotione
1016 3214 1159 3278 disserit:
1214 3213 1410 3278 uumoisione
1426 3213 1605 3279 audierant.
1642 3217 1687 3278 At
1705 3235 1784 3279 vero
1800 3213 1856 3297 qui
1871 3214 1977 3298 legem
1992 3215 2186 3298 ingerebant

187 3305 227 3365 ut
247 3321 282 3366 se
305 3300 377 3365 ideo
398 3320 486 3365 nunu
502 3310 634 3366 voratos
652 3319 723 3365 esse
745 3300 780 3364 in
802 3320 941 3384 regnum
958 3298 1022 3364 Dei
1045 3320 1160 3382 agnos·
1214 3298 1421 3378 Christianis,
1453 3300 1665 3365 clamitabant
1698 3321 1810 3363 omnes
1843 3301 1995 3382 profanos
2027 3321 2097 3365 esee
2126 3299 2184 3382 qui

186 3395 267 3453 eant
298 3387 374 3470 quia
408 3385 563 3452 destinati
595 3385 725 3450 fueraut
758 3384 799 3451 ad
834 3387 947 3465 vitam,
984 3395 1161 3468 antequem
1216 3405 1282 3449 non
1311 3395 1421 3450 essent
1446 3406 1504 3468 per
1530 3386 1806 3452 oiroumuisionem
1831 3386 1900 3450 Deo
1929 3386 2056 3449 initiati.
2100 3384 2186 3449 Nam

187 3481 411 3538 naeoerentur.
462 3470 527 3537 Hie
560 3478 670 3536 autem
703 3470 843 3554 refulget
875 3471 1076 3537 admirabilis
1099 3470 1162 3536 Dei
1216 3470 1296 3537 huso
1318 3472 1499 3536 eommunis
1523 3480 1594 3537 erat
1616 3493 1726 3536 eornm
1748 3471 1919 3549 uentilsna,
1943 3472 2106 3536 neminem
2130 3471 2185 3536 ds·

186 3558 422 3640 miseridordia,
445 3556 531 3640 quod
549 3555 638 3622 salue
657 3556 826 3622 homiuum
849 3579 890 3623 ex
905 3559 1048 3641 gratuita
1065 3558 1162 3640 adop·
1216 3558 1291 3622 bere
1313 3558 1438 3622 oenseri
1461 3558 1495 3620 in
1518 3557 1637 3640 populo
1660 3556 1732 3633 Dei,
1763 3558 1826 3622 nisi
1849 3559 2091 3623 oiroumuisum:
2116 3577 2186 3623 ser·

187 3643 286 3721 tione,
325 3653 478 3727 tanquam
511 3663 552 3708 ex
586 3662 663 3707 vero
696 3651 730 3706 et
763 3643 876 3708 nativo
909 3643 1007 3719 fonte,
1041 3652 1162 3707 manat.
1217 3643 1339 3708 vandos
1361 3663 1432 3708 esse
1460 3663 1573 3708 omnes
1596 3644 1677 3707 ritus
1707 3642 1839 3707 ablues
1867 3655 2063 3726 praeoeptos.
2107 3642 2185 3708 Ideo

187 3728 294 3794 Porro
317 3729 394 3812 quia
416 3728 598 3794 obtusiores
620 3736 696 3792 sunt
718 3728 888 3793 hominnm·
915 3737 1041 3793 mentes
1063 3747 1163 3811 quarn
1216 3726 1355 3792 Paulum
1389 3728 1681 3808 salumniabantur,
1719 3729 1806 3809 quod
1839 3727 1991 3813 gentibus
2025 3748 2185 3811 peraeque

188 3824 226 3879 ut
255 3824 322 3879 tam
352 3814 489 3881 sublime
520 3834 676 3880 areanum
698 3815 837 3896 oapiant,
868 3814 1030 3880 eonvertit
1062 3814 1162 3878 suad
1215 3833 1252 3879 ao
1285 3812 1417 3878 Iudaeis
1440 3811 1607 3879 Christum
1641 3814 1761 3880 faueret
1794 3835 2015 3880 communem:
2050 3827 2081 3878 et
2113 3817 2185 3880 eius

188 3903 427 3983 precationem:
466 3910 502 3964 ut
539 3899 579 3964 ad
617 3899 745 3981 plenam
783 3899 908 3966 Christi
945 3900 1161 3983 cognitionem
1216 3899 1432 3983 apostolatum
1456 3899 1642 3965 asserebant
1664 3920 1734 3964 esse
1756 3899 1906 3966 eoelestis
1924 3901 2089 3966 doetrinae
2111 3921 2186 3982 pro·

187 3985 351 4069 Ephesios
374 3988 465 4052 Deus
496 3984 668 4049 illuminet.
713 3983 865 4050 Seeundo
887 3987 1000 4068 eapite,
1032 3994 1068 4048 ut
1090 4006 1163 4068 gra·
1216 3985 1426 4068 lunationem,
1449 3983 1535 4068 quod
1558 3985 1668 4051 foedus
1686 3987 1812 4071 gratiae
1833 3987 1970 4069 impuris
1990 3987 2186 4063 hominibus,

189 4070 257 4137 tiae
287 4071 548 4158 magnitudinem
571 4090 611 4134 ex
634 4072 875 4152 eomparatione
897 4071 1082 4154 amplificet,
1112 4093 1162 4136 re·
1215 4071 1286 4136 siue
1309 4071 1436 4136 deleotu
1467 4071 1689 4153 prostitueret.
1734 4072 1823 4156 Ergo
1850 4093 1892 4136 ne
1919 4073 2038 4137 talibus
2065 4071 2186 4137 aulum-

189 4155 281 4222 duoit
303 4157 368 4223 illis
393 4159 429 4223 in
452 4155 641 4221 memoriam
672 4175 770 4239 quam
793 4156 903 4223 miseri
926 4156 1050 4220 fuerint
1071 4166 1162 4222 ante·
1216 4158 1278 4220 niis
1300 4157 1440 4239 impetiti
1456 4157 1592 4240 Ephesii
1613 4157 1825 4238 labasoereut,
1845 4156 1911 4223 illis
1933 4157 2110 4223 subvenire
2132 4179 2186 4223 vo-

189 4262 289 4325 qnam
312 4243 355 4308 ad
375 4242 546 4310 Christum
574 4250 684 4306 essent
715 4244 829 4307 voeati.
875 4241 1051 4323 Nunquam
1075 4243 1163 4306 enim
1215 4242 1286 4307 luit.
1330 4241 1447 4324 Itaque
1475 4263 1575 4324 quum
1598 4254 1665 4306 tam
1695 4243 1869 4328 diligenter
1897 4242 1969 4308 ideo
1990 4253 2122 4310 voeatoe
2143 4244 2184 4309 ad

189 4329 271 4394 eatis
293 4330 454 4394 sentimus
471 4330 632 4410 qnantum
656 4326 830 4392 debeamus
845 4327 987 4408 Christo,
1010 4347 1070 4392 neo
1085 4330 1163 4393 satis
1215 4330 1419 4412 evangelium
1444 4329 1544 4393 fuisse
1566 4326 1718 4411 disputat,
1748 4329 1825 4411 quia
1846 4329 1940 4394 eleoti
1963 4330 2088 4394 fuerint
2109 4341 2186 4395 ante

190 4433 252 4497 pro
274 4414 432 4497 dignitate
454 4424 645 4498 reputamus
675 4424 795 4496 quanta
825 4415 890 4478 sint
911 4433 989 4497 erga
1011 4434 1071 4478 nos
1093 4414 1163 4479 sins
1216 4413 1329 4477 mundi
1351 4415 1568 4480 ureationem:
1596 4434 1638 4479 ex
1669 4415 1805 4480 adverso
1827 4412 1977 4497 prohibet
2000 4437 2041 4480 ne
2064 4422 2186 4480 temere

189 4499 359 4580 bonefisio,
392 4501 456 4565 nisi
483 4519 582 4582 quum
613 4520 653 4563 ex
687 4498 825 4564 adverso
854 4499 947 4564 nobis
980 4500 1019 4564 ob
1053 4499 1163 4564 oeulos
1215 4500 1277 4564 sibi
1299 4499 1436 4565 allatum
1464 4501 1563 4566 fuisse
1592 4500 1798 4584 evangelium
1828 4500 2017 4566 existiment
2044 4500 2186 4566 hominis

190 4586 326 4668 ponitur
358 4605 455 4668 quam
486 4583 600 4649 infelix
632 4585 676 4648 sit
697 4593 792 4650 extra
818 4586 923 4666 ipsum
955 4594 1065 4650 nostra
1087 4605 1163 4649 oon·
1216 4585 1394 4664 voluntate,
1422 4594 1480 4650 aut
1502 4585 1673 4650 advolasse
1703 4586 1851 4652 fortuitu:
1881 4587 1959 4668 quia
1986 4585 2068 4650 nihil
2094 4584 2185 4651 aliud

190 4670 278 4736 ditio.
318 4669 470 4738 Seounda
491 4669 699 4752 amplifioatio
722 4677 781 4747 est,
802 4671 887 4754 quod
910 4671 1050 4754 gentiles
1069 4678 1164 4736 erant
1216 4671 1313 4735 fuerit
1338 4669 1463 4737 christi
1492 4672 1689 4754 praedieatio
1716 4672 1803 4756 apud
1834 4691 1899 4754 eos,
1931 4690 2028 4754 qnam
2061 4671 2185 4736 aeterni

136 4828 139 4833 ,
191 4756 290 4822 alieni
311 4779 331 4823 a
351 4754 619 4840 promissionibus
643 4756 728 4821 vitae
750 4766 910 4833 aeternae,
934 4758 1049 4839 quibus
1073 4757 1163 4822 Deus
1215 4755 1304 4821 illius
1326 4756 1446 4821 deoreti
1469 4757 1655 4841 publioatio.
1699 4755 1809 4838 Quum
1831 4757 1950 4842 prioris
1983 4758 2070 4822 vitae
2100 4756 2186 4821 infe·

191 4841 276 4907 soloe
298 4842 438 4909 Iudaeos
467 4842 621 4926 dignatus
643 4840 759 4907 fuerat.
803 4843 914 4907 Tertio
940 4843 1045 4925 eapite
1066 4861 1163 4907 suum
1215 4842 1309 4908 lioem
1328 4848 1449 4908 statum
1467 4843 1508 4907 ob
1532 4843 1641 4909 oeulos
1657 4846 1757 4925 pouit,
1780 4842 1877 4908 simul
1894 4842 2055 4924 admonet,
2077 4863 2186 4908 raram

192 4928 407 5010 apostolatum
437 4927 643 5012 peouliariter
673 4928 827 5011 gentibus
860 4927 1060 4993 destinatum
1094 4949 1164 4994 esse
1216 4931 1249 4993 et
1278 4927 1501 4993 admirabilem
1526 4929 1587 4994 Dei
1617 4929 1871 4995 miserimrdiam
1899 4930 2008 5008 fuisse,
2036 4928 2121 5012 quod
2143 4949 2185 4994 ex

192 5014 366 5097 praedieat
389 5023 426 5080 ut
447 5015 505 5096 qni
526 5014 676 5078 extranei
698 5013 754 5078 diu
778 5014 907 5091 fuerint,
930 5034 1020 5079 nuno
1041 5013 1076 5078 in
1099 5012 1163 5078 Dei
1215 5022 1282 5079 tam
1307 5013 1464 5097 profundo
1487 5017 1616 5098 gurgite
1644 5017 1846 5081 emerserint.
1894 5013 2003 5096 Quum
2031 5014 2070 5080 de
2097 5034 2188 5099 apos-

192 5100 346 5183 populum
369 5101 567 5166 inserantur.
602 5097 646 5162 Et
667 5101 743 5182 quia
764 5119 816 5165 res
838 5110 908 5164 erat
926 5099 1063 5176 insolita,
1088 5121 1162 5164 sua·
1216 5099 1318 5164 tolatu
1341 5099 1402 5164 sibi
1425 5120 1503 5184 erga
1531 5111 1645 5184 gentes
1675 5101 1828 5168 mandato
1857 5103 2077 5182 oonoiouatur,
2110 5121 2185 5167 oon·

192 5204 253 5267 que
275 5186 423 5252 novitate
445 5186 623 5251 multorum
647 5185 772 5250 animos
796 5187 956 5265 turbabat,
983 5195 1073 5251 voest
1095 5206 1162 5271 my·
1216 5186 1325 5250 firmat
1357 5206 1412 5251 eos
1442 5188 1474 5251 in
1506 5197 1635 5269 reoepta
1668 5188 1767 5253 semel
1801 5188 1880 5252 fide:
1915 5190 1991 5271 quia
2028 5187 2186 5255 divinitus
