4740 6016
179 372 241 439 167
864 368 1008 436 spise.
1030 368 1173 436 PAULI
1194 370 1261 437 AD
1283 367 1515 437 EPHUSIOS
2125 365 2192 432 168

271 561 377 629 Crentr’
398 562 443 627 od
462 559 545 627 bono
566 579 671 644 opero.
698 560 845 626 Multum
862 558 1015 624 aberrant
1030 579 1049 623 a
1063 558 1160 625 Penii
1213 564 1317 625 orden
1349 559 1385 625 in
1433 555 1558 623 Uiriato
1593 555 1670 623 Iesn
1709 576 1779 638 nos,
1812 556 2056 708 monendam
2091 554 2193 622 ems

184 660 306 727 mente,
344 646 399 730 qui
424 653 579 730 torquent
614 645 702 712 hunc
739 647 845 712 locum
879 644 920 710 ed
953 644 1161 711 lacerandam
1209 645 1330 727 prensi,
1350 643 1432 725 sacti
1452 644 1527 708 estis
1540 643 1717 724 propinqui
1732 662 1794 724 per
1882 642 1889 655 ‘
1917 642 2147 727 isongnment.

182 733 261 800 fidei
294 733 466 800 iustitiam.
518 731 604 813 Quia
637 731 737 814 pudet
773 752 829 797 eos
861 751 995 812 prorsus
1028 750 1159 814 negare,

184 819 248 885 fide
278 840 338 885 nos
359 818 541 899 iustificari,
567 816 668 899 idque
689 819 811 882 trustra
840 836 916 883 ase
937 817 1009 881 fieri
1031 816 1160 882 vident:
1300 817 1350 881 11.
1399 814 1604 898 Qnomobrom
1639 833 1790 880 memores
1818 818 1919 879 cnon.
1973 811 2114 895 Semper
2145 813 2189 879 ad

185 905 380 989 confugiunt
401 903 441 968 ad
464 903 651 969 huiusmodi
674 902 873 981 cuniculum,
899 921 957 966 nos
979 901 1045 966 fide
1068 902 1160 966 iusti-
1213 901 1414 986 hypothesin
1449 899 1636 977 deseendit,
1671 912 1708 964 nt
1741 899 1844 983 digito
1876 918 1946 964 rem
1990 897 2111 985 indicet
2150 919 2192 965 ac

184 992 291 1067 fleam,
326 991 404 1073 quia
436 989 567 1052 initium
591 989 745 1054 ‘institiae
778 1008 798 1052 a
825 987 889 1052 fide
918 988 978 1070 sit,
1010 1006 1074 1071 que
1094 986 1159 1052 Dei
1213 988 1358 1070 pressius
1387 996 1513 1071 urgeat.
1558 986 1653 1051 Iubet
1682 987 1771 1050 enim
1800 986 1920 1050 iterum
1951 984 2116 1068 Ephesios
2136 1004 2190 1050 re·

184 1077 324 1160 gratiam
340 1075 533 1156 recipimus:
550 1072 608 1138 sed
622 1095 682 1138 nos
698 1073 770 1139 fieri
786 1074 890 1138 iustos
904 1073 1160 1156 regeneratione,
1212 1071 1338 1138 cordati
1354 1073 1466 1155 quales
1487 1072 1612 1136 tnsnnt
1633 1081 1712 1136 ante
1726 1074 1939 1136 vocationem.
1975 1069 2067 1136 Haeo
2081 1070 2190 1136 cousi·

185 1162 264 1244 quia
293 1161 439 1227 renovati
468 1158 595 1224 Christi
622 1160 748 1242 spiritu,
779 1157 981 1225 ambulemus
1008 1159 1044 1222 in
1066 1159 1160 1225 bonis
1213 1157 1337 1223 doratio
1371 1159 1435 1224 iilis
1468 1157 1509 1223 ob
1542 1158 1653 1223 oculos
1690 1159 1830 1240 ponebat
1865 1176 1964 1240 qnam
2002 1154 2094 1220 nulls
2124 1156 2191 1221 sibi

183 1246 346 1329 operibus.
391 1245 442 1309 Ita
465 1245 563 1309 fidem
586 1245 678 1327 quasi
700 1247 833 1310 ianuam
856 1242 998 1323 iaciunt,
1023 1264 1088 1327 qua
1109 1244 1159 1309 in·
1210 1253 1297 1309 esset
1317 1243 1524 1327 superbiendi
1536 1263 1643 1308 causa.
1676 1242 1796 1308 Postea
1817 1242 1960 1309 ostendit
1980 1241 2114 1307 modum
2135 1260 2189 1306 re·

184 1332 356 1416 gradimur
385 1329 618 1395 iniustitiam:
647 1329 704 1396 sed
726 1329 812 1395 hano
838 1350 897 1395 nos
918 1328 1069 1413 operibus
1090 1329 1159 1394 adi·
1212 1329 1464 1396 conciliationis:
1488 1339 1525 1394 nt
1546 1329 1615 1394 solo
1637 1327 1770 1396 Christo
1801 1329 1954 1404 contenti,
1984 1348 2048 1393 non
2071 1334 2190 1411 putant

184 1417 266 1500 pisci
299 1416 540 1500 imaginantur:
574 1416 625 1480 vei
659 1415 774 1481 saltem
811 1415 966 1481 iustitiam
1001 1415 1160 1481 definiunt
1213 1415 1285 1480 aliis
1318 1415 1470 1481 subsidiis
1508 1435 1544 1479 se
1577 1413 1733 1497 indigere.
1792 1415 1885 1479 Haec
1917 1415 2014 1496 primi
2048 1411 2190 1480 membri

184 1523 257 1569 esse
277 1500 520 1583 rectitudinem,
545 1502 601 1567 ubi
624 1500 721 1566 homo
742 1501 783 1565 ad
805 1501 887 1566 bens
909 1501 1088 1566 vivendum
1110 1507 1161 1567 est
1213 1521 1342 1566 summa
1364 1512 1425 1584 est,
1446 1500 1671 1577 memineritis,
1700 1518 1765 1582 quo
1788 1509 1931 1582 tempore
1964 1501 2065 1564 eretis
2088 1497 2193 1567 inei:-

185 1589 392 1653 reiormatus.
436 1587 509 1652 Non
539 1607 619 1653 euro
648 1607 746 1670 quam
775 1597 868 1650 vatus
897 1588 942 1651 sit
967 1606 1072 1651 error:
1103 1585 1160 1651 sed
1212 1588 1357 1668 cumcisi,
1391 1605 1450 1653 vos
1482 1587 1581 1651 etiam
1614 1606 1635 1650 a
1666 1584 1808 1663 Christo,
1842 1606 1862 1650 a
1892 1605 1950 1667 spe
1979 1583 2114 1663 saluus,
2142 1584 2189 1650 ab

186 1693 358 1758 perperam
383 1673 517 1751 iaciunt,
539 1672 595 1755 qui
610 1672 652 1737 ad
674 1675 744 1738 eius
766 1673 1045 1738 confirmationem
1072 1673 1160 1739 testi·
1213 1673 1348 1738 ecclesia
1380 1684 1412 1738 et
1434 1692 1536 1757 regno
1561 1672 1626 1736 Dei
1655 1671 1754 1736 fuisse
1782 1671 1920 1736 alienos:
1954 1672 2001 1734 ite
2028 1681 2066 1735 ut
2101 1667 2191 1735 nibil

185 1760 330 1825 monium
354 1779 395 1823 ex
413 1757 474 1824 hoc
492 1758 560 1824 loeo
582 1770 727 1823 sumunt.
758 1756 977 1840 Respicienda
998 1769 1049 1823 est
1064 1756 1161 1824 Pauli
1215 1767 1300 1824 esset
1332 1759 1423 1824 vobis
1455 1779 1529 1823 oum
1565 1755 1637 1822 Deo
1665 1758 1861 1823 commercii.
1912 1754 2058 1821 Secundi
2090 1773 2190 1821 vere:

186 1845 343 1923 intentio,
366 1843 444 1908 dum
467 1843 640 1908 ostendere
662 1845 744 1923 vult,
769 1864 827 1908 nos
851 1843 921 1908 Deo
943 1843 1025 1909 nihil
1046 1853 1160 1911 contu·
1216 1863 1301 1908 nunc
1329 1843 1364 1909 in
1401 1843 1573 1911 Christum
1595 1843 1712 1920 insiti,
1755 1842 1852 1908 simul
1885 1839 1957 1906 Deo
1990 1840 2190 1908 reconciliati

187 1931 264 1997 iisse
294 1929 383 1994 unde
415 1929 508 1995 nobis
541 1929 585 1993 sit
613 1928 790 1995 obnoxius:
825 1929 917 1993 docet
959 1931 1031 2011 ipsa
1063 1933 1160 1996 etiam
1215 1930 1302 1994 estis.
1345 1929 1433 2011 Quid
1467 1928 1590 1995 valeret
1616 1949 1654 1994 ao
1685 1929 1719 1992 in
1749 1949 1862 1992 eornm
1890 1928 2009 1991 enimin
2041 1928 2192 1994 efiiceret

187 2037 273 2100 quae
295 2015 432 2081 iacimus
454 2014 538 2079 bona
560 2035 658 2097 opera
691 2016 730 2078 ab
753 2018 825 2098 ipso
847 2018 1029 2096 provenire.
1067 2015 1163 2082 Unde
1215 2015 1374 2080 eiusmodi
1397 2013 1586 2097 recordatio,
1609 2015 1759 2097 superius
1776 2014 1899 2080 dictum
1922 2028 1981 2078 est.

187 2103 336 2187 seqnitur
362 2100 444 2164 nibil
478 2121 538 2164 nos
560 2122 632 2164 esse
661 2100 725 2165 uisi
746 2119 838 2164 mera
867 2100 936 2164 eius
958 2102 1161 2168 liberalitate.
1302 2102 1415 2168 Gentes
1441 2103 1477 2166 in
1501 2119 1603 2166 comte.
1647 2101 1797 2165 Primum
1825 2103 2066 2174 commemorat,
2098 2100 2190 2180 ipsas

188 2186 286 2252 Nunc
308 2186 385 2250 dum
409 2185 464 2250 isti
486 2186 634 2250 inierunt
657 2204 718 2249 nos
750 2206 828 2268 ergo
850 2186 985 2253 dimidia
1006 2210 1046 2253 ex
1070 2197 1163 2270 parte
1214 2189 1357 2253 caruisse
1388 2187 1496 2271 populi
1528 2186 1591 2251 Dei
1620 2183 1813 2270 insignibus.
1869 2185 1954 2251 Nam
1985 2184 2192 2251 circuncisio

186 2273 357 2339 iustificari
390 2270 559 2355 operibus:
591 2269 668 2354 quid
702 2269 764 2335 hoc
798 2271 839 2335 ad
868 2271 964 2338 Pauli
996 2273 1161 2340 mentem?
1215 2274 1398 2357 symbolum
1418 2285 1498 2347 erat,
1527 2292 1591 2355 qno
1620 2271 1858 2354 insigniebatur
1879 2271 2017 2354 populus
2048 2269 2121 2348 Dei,
2152 2280 2193 2335 nt

186 2358 320 2440 etquid
343 2358 383 2421 ad
406 2376 536 2421 oausam
556 2376 652 2438 qnam
676 2354 816 2422 tractat?
857 2357 956 2424 Aliud
985 2360 1073 2425 enim
1103 2369 1162 2436 ast,
1216 2358 1454 2424 discerneretur
1476 2357 1517 2423 ab
1538 2357 1622 2421 aliis.
1666 2357 1880 2440 Praaputium
1911 2368 2019 2421 autern
2057 2355 2192 2438 profani

187 2444 353 2527 disputare
386 2442 419 2507 in
453 2462 516 2525 quo
548 2443 672 2507 iustitia
706 2444 880 2509 consistat:
916 2445 1025 2526 aliud,
1061 2466 1162 2528 quum
1215 2443 1357 2510 hominis
1387 2445 1541 2511 indicium
1576 2455 1658 2507 erat.
1710 2442 1822 2524 Quum
1855 2462 1934 2526 ergo
1961 2441 2052 2506 Deus
2079 2459 2190 2506 saara·

186 2530 338 2611 dooetvm,
366 2547 438 2592 eam
469 2549 535 2591 non
565 2547 637 2592 esse
665 2530 816 2608 anobis,
846 2533 1004 2596 rationem
1034 2531 1162 2611 addere,
1215 2540 1326 2596 menta
1358 2532 1473 2615 gratiis
1505 2530 1574 2594 suis
1607 2529 1783 2612 adiungere
1811 2527 1928 2593 soleat:
1961 2548 2004 2591 ex
2033 2546 2073 2592 eo
2101 2525 2190 2610 quod

186 2613 390 2763 sithi
405 2611 1162 2780 ithttttddtthttiinstit:
1215 2628 1424 2783 nes:
1446 2612 2192 2786 ,t’tttwt‘o12tli‘ttdtttrt‘tit

185 2785 285 2867 idque
322 2804 381 2867 per
418 2783 545 2849 Christi
582 2785 733 2868 gretiam.
777 2785 862 2851 Nam
899 2789 1024 2856 Paulus
1060 2808 1162 2873 quum
1216 2801 1465 2872 argumentum:
1488 2786 1577 2856 velet
1598 2798 1720 2869 mmen,
1743 2792 1901 2868 quantum
1925 2786 1965 2849 ad
1988 2783 2190 2851 ordinariam

187 2870 334 2936 iustitiae
358 2888 490 2935 oausam
518 2869 649 2947 delinit,
682 2873 716 2935 in
737 2871 799 2938 hoo
828 2876 1000 2957 praecipue
1030 2875 1162 2940 cardine
1215 2874 1278 2939 Dei
1302 2875 1588 2957 dispensationem.
1632 2871 1729 2938 Unde
1751 2871 1852 2936 illud:
1886 2871 2047 2935 Eiiciatur
2067 2869 2191 2952 Adam,

187 2964 355 3032 versetur,
393 2974 559 3037 nunquam
599 2956 669 3022 fore
707 2958 903 3041 tranquillas
949 2962 1162 3026 conscientias
1214 2982 1255 3024 ne
1285 2960 1369 3024 iorte
1395 2971 1505 3044 gustet
1538 2957 1579 3020 de
1608 2958 1723 3022 arbore
1752 2958 1839 3023 vitae
1865 2978 1903 3022 eo
1933 2959 2033 3020 vivet.
2087 2953 2191 3021 Oerte

189 3042 254 3107 nisi
287 3041 321 3105 in
352 3041 575 3106 remissionem
609 3053 812 3124 peccatorum
847 3048 1048 3113 recumbant.
1097 3046 1162 3112 Hic
1185 3023 1190 3123 l
1214 3047 1340 3111 etiamsi
1370 3057 1471 3111 totam
1504 3043 1653 3112 arborem
1684 3054 1839 3122 vorasset,
1865 3064 1930 3106 non
1964 3052 2191 3122 recuperasset

188 3126 271 3191 nihil
306 3127 371 3191 tale
403 3125 552 3210 attingit,
586 3124 662 3209 quia
695 3128 776 3193 nihil
810 3130 899 3195 aliud
930 3142 1066 3209 tractat,
1098 3133 1162 3197 nisi
1215 3142 1327 3196 tamen
1355 3154 1397 3196 ex
1431 3133 1500 3196 solo
1528 3149 1586 3196 esu
1614 3130 1726 3196 vitam.
1778 3128 1903 3193 Verum
1934 3128 2097 3191 Dominus
2171 3147 2191 3191 r

188 3221 295 3278 totum
317 3211 404 3296 quod
427 3231 551 3294 sumus,
574 3212 607 3277 id
629 3233 689 3280 nos
711 3234 783 3279 esse
805 3215 868 3281 Dei
890 3220 1007 3301 gratia.
1215 3220 1299 3299 signi
1334 3219 1549 3298 privationem
1578 3214 1626 3279 illi
1654 3236 1721 3279 rem
1754 3234 1882 3298 qnoque
1911 3212 2090 3277 auferebat.
2127 3146 2190 3276 leta

278 3298 364 3380 Qnoe
379 3300 588 3381 praeparavit
608 3297 708 3365 Deus
752 3301 826 3367 Hoc
854 3325 895 3369 ne
917 3304 958 3369 ad
981 3305 1160 3370 doctrinam
1214 3303 1268 3368 hio
1296 3303 1423 3368 Paulus
1453 3303 1661 3386 praeputium
1694 3302 1805 3365 obiicit
1833 3300 2002 3382 Ephesiis,
2030 3313 2189 3380 tanquam

189 3384 270 3468 legis
300 3384 432 3463 referas,
465 3384 736 3466 quemadmodum
767 3387 955 3472 Pelagiani:
985 3393 1076 3471 quasi
1110 3391 1161 3455 in·
1215 3387 1405 3472 pollutionis
1426 3389 1567 3472 signum.
1612 3386 1886 3452 sanctificationis
1914 3382 2098 3462 symbolum
2119 3381 2192 3450 illie

188 3471 353 3554 telligeret
384 3469 525 3568 Paulus,
558 3469 669 3535 Deum
704 3475 891 3556 praecipere
927 3475 1005 3558 quid
1039 3479 1161 3541 iustum
1215 3474 1310 3552 tollit,
1334 3484 1370 3539 ut
1392 3496 1461 3540 rem
1484 3494 1610 3557 qnoque
1631 3473 1848 3555 significatam
1871 3470 2003 3534 adimat.
2048 3468 2187 3534 Fallun-

188 3559 241 3634 sit,
264 3565 298 3622 et
320 3565 440 3620 rectam
459 3555 595 3620 vivendi
617 3557 763 3641 regulam
787 3560 930 3625 tradere:
952 3583 1027 3627 nam
1050 3564 1162 3645 potius
1215 3573 1269 3625 tur
1304 3578 1382 3643 ergo
1416 3561 1472 3644 qui
1504 3570 1622 3642 putant
1651 3557 1732 3623 haec
1761 3557 1871 3621 omnia
1898 3557 1934 3619 in
1962 3563 2187 3637 contemptum

189 3651 285 3728 urget
314 3640 406 3722 illud,
433 3642 520 3724 quod
549 3642 664 3708 docere
686 3654 825 3726 caperat,
855 3647 993 3712 salutem
1023 3667 1043 3710 a
1069 3647 1162 3713 nobis
1214 3655 1371 3711 externae
1403 3645 1658 3712 circumcisionis
1704 3644 1778 3708 dici.
1842 3640 2052 3723 Quemquam
2085 3637 2188 3705 simul

189 3749 255 3792 non
280 3728 450 3810 proficisci.
495 3727 583 3793 Dicit
605 3727 716 3811 igitur,
740 3730 823 3795 bona
855 3752 963 3815 opera,
986 3747 1161 3815 antequam
1215 3733 1326 3807 fateor,
1347 3732 1509 3797 adiectum
1532 3753 1603 3796 esse
1625 3728 1804 3812 epithetum
1827 3728 1868 3792 in
1900 3746 2024 3792 earne
2046 3744 2189 3790 manu·

189 3833 412 3891 nasceremur,
446 3835 465 3878 a
498 3811 570 3878 Deo
609 3834 683 3881 esse
722 3827 931 3899 praeparata:
965 3818 1161 3903 intelligens,
1216 3819 1346 3899 iacta,
1369 3829 1406 3882 ut
1426 3817 1586 3882 indicaret
1606 3836 1677 3880 esse
1699 3814 1859 3897 duplicem
1889 3812 2190 3878 circumcisionem:

190 3920 255 3965 non
278 3899 409 3982 proprio
432 3913 537 3963 marte
558 3921 618 3966 nos
636 3921 706 3966 esse
723 3899 855 3967 idoneos
878 3901 918 3967 ad
937 3913 1025 3968 recte
1048 3906 1162 3969 viven-
1215 3914 1313 3985 atque
1340 3905 1387 3968 ite
1415 3903 1605 3968 retunderet
1633 3901 1828 3966 Indaeorum
1861 3899 2009 3980 gloriam,
2038 3897 2095 3979 qui
2116 3895 2190 3963 lite·

188 3985 278 4062 dnm,
309 3983 366 4048 sed
395 3995 554 4066 quatenus
586 3995 735 4069 aptemur
764 3986 829 4052 Dei
858 4008 959 4054 manu
984 3998 1018 4054 et
1043 3990 1162 4055 forma·
1216 3989 1276 4054 rali
1321 3989 1565 4054 circumcisione
1606 3989 1727 4052 frustra
1770 3985 1980 4068 superbiunt:
2024 3981 2192 4064 Ephesios

190 4091 274 4135 mur.
330 4069 426 4151 Quod
459 4072 486 4134 si
517 4071 769 4154 preeoooupavit
801 4072 865 4138 Dei
897 4075 1022 4158 gratia,
1055 4075 1162 4141 locum
1215 4083 1325 4140 autem
1347 4075 1435 4139 omni
1466 4076 1616 4156 scrupulo
1644 4075 1812 4148 eximeret,
1839 4089 1941 4152 quum
1970 4088 2043 4134 eam
2064 4066 2191 4132 babere

190 4157 364 4222 iactantiae
392 4167 522 4220 nostrae
555 4155 700 4223 abstulit.
756 4157 867 4239 Quare
900 4159 1073 4244 diligenter
1106 4182 1163 4226 no·
1216 4181 1250 4225 se
1272 4167 1488 4244 egnosoerent
1505 4180 1588 4243 quae
1609 4169 1680 4224 erat
1706 4160 1890 4242 praecipua,
1919 4157 1984 4220 imo
2013 4172 2095 4237 quae
2114 4166 2193 4219 erat

191 4241 291 4306 tanda
313 4252 364 4306 est
385 4261 451 4306 vox
473 4243 744 4325 praeparationis:
779 4247 854 4326 qnia
884 4266 926 4309 ex
954 4246 1070 4311 ordine
1091 4248 1164 4331 ipso
1216 4255 1284 4311 tcta
1315 4247 1441 4311 externi
1477 4247 1562 4328 signi
1598 4247 1732 4310 veritas.
1791 4242 2004 4324 Praepetium
2041 4258 2121 4323 ergo
2151 4238 2190 4303 in

192 4328 394 4391 demonstrat
421 4327 562 4406 Paulus,
596 4329 679 4393 nihil
713 4329 806 4394 nobis
835 4329 993 4396 bonmum
1027 4353 1163 4415 operum
1216 4353 1313 4397 carne
1340 4345 1445 4415 vocat,
1473 4334 1548 4414 quia
1575 4334 1609 4396 iu
1635 4351 1769 4413 corpore
1791 4349 1851 4394 suo
1880 4337 2048 4410 gestarent
2079 4322 2188 4408 pollu-

193 4421 344 4496 respectn
366 4434 385 4477 a
408 4411 479 4478 Deo
502 4412 621 4479 debari.
667 4413 734 4495 Qut
755 4414 826 4481 sic?
861 4417 1054 4500 deprompta
1075 4419 1163 4483 enim
1216 4419 1312 4482 tionis
1341 4438 1419 4482 snae
1446 4418 1596 4501 signnm
1629 4417 1755 4481 interea
1785 4423 1895 4479 temen
1921 4409 2119 4494 subindicat,
2140 4408 2192 4475 nis

192 4512 273 4565 suut
293 4517 337 4562 ex
359 4498 431 4562 eius
453 4499 619 4576 thesauro,
651 4500 772 4582 inquo
798 4500 895 4583 longe
924 4512 1001 4568 ante
1023 4505 1166 4588 reposita
1217 4503 1299 4567 nihil
1324 4525 1409 4569 nuno
1438 4504 1550 4568 obesse
1579 4502 1794 4585 praeputium,
1826 4498 1902 4583 quia
1930 4496 2147 4580 spiritualiter
2167 4515 2190 4560 a

192 4587 334 4650 inerant.
377 4582 464 4649 Nam
493 4605 572 4667 quos
604 4586 741 4667 vocavit,
766 4605 821 4652 eos
843 4587 995 4654 iustificat
1018 4597 1050 4652 et
1072 4608 1164 4673 rege·
1218 4588 1352 4655 Christo
1387 4590 1455 4654 sint
1490 4590 1680 4655 circumcisi.
1739 4586 1852 4652 Potest
1888 4583 1950 4648 hoc
1985 4581 2190 4648 coniunctim

191 4678 298 4740 uerat.
1217 4674 1297 4756 legi:
1324 4675 1359 4738 in
1382 4694 1479 4740 carne
1502 4675 1704 4740 manufacta:
1738 4672 1790 4738 val
1809 4671 1948 4751 divisim,
1966 4682 2005 4734 ut
2020 4667 2191 4734 carnalem

1219 4770 1312 4825 vocet
1349 4760 1509 4843 primum,
1549 4760 1667 4826 deinde
1704 4761 1821 4823 motam
1865 4757 2034 4821 hominum
2072 4772 2188 4819 mauu.

280 4844 331 4907 11.
379 4840 584 4923 Qrsomobrem
605 4861 753 4907 memores
780 4848 869 4907 estote
890 4845 974 4926 qnod
994 4845 1166 4926 aliquando
1217 4844 1505 4911 circumsisionem
1542 4866 1639 4928 porro
1677 4844 1835 4911 eiusmodi
1871 4844 2007 4926 opponit
2047 4840 2188 4905 eircum-

193 4950 248 4995 oos
277 4932 380 5013 pontes
413 4930 447 4992 in
477 4948 577 5007 earne,
609 4928 665 5010 cni
686 4925 873 4994 dioebomini
894 4931 1100 5012 proepntinm
1124 4931 1165 4997 ob
1217 4931 1331 4996 cisioni
1350 4932 1492 5012 spiritus,
1508 4952 1591 5015 quse
1605 4933 1643 4996 fit
1658 4933 1694 4996 in
1711 4929 1816 5006 corde,
1841 4951 1939 5013 quam
1954 4926 2081 4995 Uolcas.
2096 4926 2129 5007 2,
2146 4925 2189 4989 ll

194 5036 232 5080 oc
265 5035 347 5097 qnae
382 5018 509 5080 socotnr
544 5014 738 5080 oirnsmcisio
773 5015 807 5078 in
840 5034 934 5080 corne
964 5018 1165 5097 manasseto:
1217 5016 1359 5100 appellat
1380 5018 1653 5082 circumsisionem
1678 5016 1811 5084 Christi.

196 5101 246 5164 12.
288 5100 344 5166 ilio
375 5105 510 5181 ternpore
538 5102 636 5165 erotis
668 5099 783 5181 αὺεᾳιιι
816 5097 956 5178 Christo,
986 5100 1115 5167 alienati
1143 5123 1166 5166 c
1303 5102 1356 5168 Ab
1384 5122 1422 5167 eo
1449 5123 1528 5185 qnae
1555 5108 1691 5168 oooatnr.
1746 5101 1960 5168 Uiroumcieio
1993 5109 2102 5185 posset
2133 5096 2192 5163 bic

195 5185 353 5268 republica
381 5183 536 5265 IsrodiS,
562 5184 696 5269 hospites
727 5183 906 5251 tubulorum
927 5188 1164 5270 promissionis,
1218 5209 1288 5253 esse
1311 5209 1426 5254 nomen
1448 5188 1664 5271 collectivum,
1687 5209 1746 5273 pro
1767 5190 1849 5271 ipsis
1869 5188 2013 5254 Iudaeis:
2037 5186 2091 5250 vel
2112 5203 2189 5267 prc-

192 5289 281 5354 spem
301 5291 361 5336 non
379 5269 532 5350 moenie,
549 5276 577 5336 et
597 5273 666 5338 sine
682 5270 750 5338 Deo
772 5273 807 5338 in
824 5271 948 5337 mundo.
986 5271 1037 5338 13.
1072 5271 1167 5340 Nunc
1219 5275 1289 5356 prie
1310 5276 1412 5359 ecoipi
1436 5295 1494 5357 pro
1516 5275 1587 5358 ipsa
1609 5296 1661 5340 re:
1692 5281 1727 5340 et
1754 5280 1835 5340 tuno
1856 5295 1969 5341 sensns
1987 5283 2083 5355 esset,
2114 5268 2197 5336 idco
