4740 6016
179 321 239 387 171
850 316 993 383 umes.
1016 312 1159 385 PAULI
1181 313 1245 380 AD
1268 316 1499 387 EPHESIOS
2114 317 2181 433 172

178 510 280 593 pulos,
304 508 414 593 posuit
435 508 469 573 in
493 508 588 574 Iacob
611 506 788 573 funiculum
812 527 915 573 suum.
949 505 1051 570 Vides
1069 507 1151 571 fixos
1294 508 1334 575 Ut
1354 507 1433 576 daos
1453 510 1593 576 maderet
1614 509 1649 573 ia
1669 528 1702 574 se
1722 507 1801 588 ipso.
1838 506 1948 588 Quum
1971 505 2061 586 dicit,
2084 506 2120 572 iu
2141 528 2181 574 ae

178 597 291 660 aDeo
314 594 432 660 limites
454 594 570 676 quibus
593 593 747 677 populum
771 614 871 657 unum
897 591 1067 674 areliquis
1089 591 1151 655 dis·
1203 595 1289 678 ipso,
1321 597 1441 660 avertit
1470 594 1511 659 ab
1532 594 1702 659 hominum
1726 593 1915 659 diversitate
1937 592 2108 675 Ephesios,
2133 614 2178 659 ue

177 692 300 747 cernat.
345 679 428 746 Inde
456 680 626 744 inimicitia
654 679 748 744 ouius
771 678 920 743 meminit
942 677 994 743 hic
1016 676 1149 742 Paulus.
1202 681 1277 745 alibi
1309 701 1406 764 qnam
1437 683 1470 745 in
1491 679 1622 746 Christo
1650 679 1810 744 unitatem
1836 684 2005 761 quaerant.
2050 678 2180 746 Utcun-

178 767 403 851 Segregantur
435 766 521 830 enim
550 764 605 830 alii
633 764 674 829 ab
704 763 785 842 aliis,
815 762 891 828 dum
922 764 1050 829 reiectis
1072 782 1150 844 gen·
1202 787 1264 848 que
1286 786 1363 851 ergo
1386 765 1449 833 duo
1471 777 1547 831 ante
1570 766 1691 831 fuerint
1712 765 1897 831 conditione
1930 763 2106 847 inaequali,
2141 765 2178 830 in

178 854 264 918 tibus
285 852 369 918 solos
383 850 522 917 Iudaeos
544 850 604 916 sibi
626 861 756 931 cooptat
783 849 875 914 Deus
905 860 938 913 et
960 849 1150 928 sanctificet,
1203 852 1334 918 Christo
1363 873 1450 919 unus
1472 851 1569 916 homo
1592 851 1687 916 fiunt.
1733 850 1846 931 Neque
1869 851 1990 915 trustra
2017 848 2109 914 addit
2135 850 2177 915 in

178 938 389 1006 acommuni
418 936 553 1003 humani
586 936 715 1019 generis
746 934 921 1015 pollutione
953 934 1040 1017 ipsos
1072 934 1150 999 libe·
1202 959 1319 1004 unum
1341 937 1543 1003 hominem
1572 956 1728 1001 novum.
1774 934 1946 1019 Significat
1966 935 2052 1001 enim
2073 933 2177 1021 (quod

179 1024 292 1090 raudo.
326 1021 468 1088 Additae
491 1031 601 1102 postea
622 1031 700 1087 sunt
721 1024 951 1098 caeremoniae,
974 1040 1056 1101 quae
1078 1026 1150 1083 tan·
1202 1024 1346 1106 apertius
1369 1023 1447 1090 alibi
1481 1021 1574 1087 dooot
1593 1021 1703 1088 Galat.
1726 1021 1756 1101 5,
1782 1020 1817 1105 5)
1851 1021 1884 1086 in
1907 1020 2041 1088 Christo
2070 1041 2178 1105 neque

178 1131 274 1193 quam
308 1109 447 1192 parietes
481 1106 545 1171 Dei
578 1106 811 1173 haereditatem
846 1105 1066 1183 includerent,
1109 1125 1150 1168 ⁰0
1201 1110 1489 1190 circumcisionem,
1512 1128 1617 1193 neque
1635 1109 1844 1190 praeputium
1861 1106 1969 1172 valere
1990 1105 2179 1188 quidquam

178 1193 328 1261 omnibus
359 1193 489 1276 pervia,
518 1202 576 1257 aut
608 1192 680 1256 aliis
713 1190 968 1275 possessionibus
994 1189 1151 1274 permiste
1203 1195 1326 1261 nullius
1360 1195 1458 1279 pretii
1493 1214 1564 1259 csse
1600 1194 1737 1275 quaevis
1769 1208 1926 1258 externa:
1963 1191 2021 1256 sed
2058 1212 2178 1258 noram

178 1284 269 1358 t'oret,
298 1278 443 1361 adeoque
465 1291 579 1363 gentes
601 1299 621 1343 a
642 1276 705 1343 Dei
727 1298 829 1361 regno
849 1286 1007 1342 arcerent.
1053 1276 1149 1341 Nune
1201 1292 1384 1348 creaturam
1407 1279 1550 1363 primum
1572 1288 1607 1343 et
1628 1279 1781 1343 ultimum
1804 1278 1912 1345 locum
1936 1288 2056 1361 tenere.
2101 1277 2181 1345 Una

177 1367 255 1432 dicit
288 1365 454 1448 apostolus
487 1376 519 1427 et
547 1363 693 1429 sublatas
722 1384 793 1429 esse
816 1363 1011 1439 inimicitias,
1041 1371 1073 1426 et
1095 1382 1150 1443 pa·
1201 1381 1340 1452 ergoest
1357 1366 1560 1450 regeneratio
1578 1364 1769 1447 spiritualis,
1784 1384 1867 1446 quae
1885 1383 1945 1429 nos
1960 1371 2179 1448 coagmentet

178 1453 291 1516 rietem
308 1451 462 1514 dirutum.
490 1450 575 1514 Nam
591 1448 744 1514 Christus
759 1448 948 1514 beneficium
965 1447 1150 1530 adoptionis
1202 1452 1298 1534 Quod
1321 1454 1347 1516 si
1371 1472 1429 1536 per
1451 1451 1621 1516 Christum
1644 1470 1840 1516 renovamur
1862 1470 1985 1530 omnes,
2006 1451 2073 1514 iam
2095 1449 2181 1515 deai-

178 1536 369 1619 prolorendo
392 1535 478 1601 ultra
506 1535 646 1600 Iudaeae
669 1536 836 1616 terminos,
858 1535 964 1599 effecit
982 1543 1019 1597 ut
1037 1553 1149 1597 omnes
1202 1547 1283 1604 nant
1304 1538 1366 1603 sibi
1390 1538 1518 1620 placere
1538 1535 1650 1601 Iudaei
1673 1537 1708 1601 in
1731 1537 1871 1618 pristina
1892 1555 1952 1600 sua
1973 1536 2181 1602 conditione:

178 1643 267 1687 nuno
299 1623 400 1686 simus
432 1623 561 1686 fratres.
605 1620 656 1684 Ita
685 1619 855 1702 impletum
885 1631 935 1684 est
960 1617 1149 1682 vaticinium
1202 1624 1259 1689 aed
1282 1625 1447 1706 patiantur
1462 1621 1633 1687 Christum
1656 1641 1728 1687 csse
1751 1622 1861 1685 omnia
1883 1633 1947 1684 tam
1970 1623 2004 1685 in
2028 1640 2064 1686 se
2079 1638 2181 1705 quam

177 1707 259 1774 illud
287 1707 421 1789 (Canes.
444 1707 473 1786 9,
491 1705 557 1790 27),
589 1705 731 1789 Iapheth
764 1707 798 1770 in
831 1705 1049 1770 tabernaculis
1070 1702 1149 1768 Sem
1202 1712 1236 1774 in
1258 1710 1342 1788 aliis,
1363 1721 1401 1773 ιιι
1422 1707 1499 1772 alibi
1522 1706 1670 1771 habetur.

177 1792 348 1859 habitabit.
386 1791 454 1856 Iam
479 1792 567 1856 clara
588 1803 664 1856 sunt
687 1791 785 1856 verba
808 1790 915 1856 Pauli.
949 1786 1151 1872 Impediebat
1289 1796 1339 1862 16,
1373 1793 1417 1858 Et
1438 1792 1650 1859 reconciliaret
1670 1792 1785 1858 ambos.
1829 1793 1903 1858 Non
1933 1801 2059 1857 tantum
2091 1793 2181 1857 inter

178 1880 284 1961 paries
317 1878 443 1942 medius
475 1899 516 1942 ne
545 1876 697 1943 Christus
730 1887 844 1960 gentes
872 1877 1002 1941 Iudaeis
1035 1896 1149 1959 eggre·
1202 1904 1262 1948 nos
1293 1881 1411 1948 saetam
1444 1880 1543 1944 fuisse
1571 1879 1828 1961 pacificationem
1857 1880 1988 1955 asserit,
2019 1878 2075 1943 sed
2102 1897 2180 1943 cum

178 1974 279 2048 garet.
325 1964 488 2028 Parietem
521 1983 599 2046 ergo
630 1962 740 2027 diruit.
785 1961 904 2026 Postea
936 1964 1018 2025 ratio
1052 1960 1149 2025 diruti
1203 1969 1275 2033 Deo
1297 1967 1432 2032 rediisse
1462 1967 1496 2029 in
1519 1965 1668 2047 gratiam.
1713 1964 1823 2046 quue,
1852 1971 1890 2028 ut
1911 1964 2050 2028 Iudaees
2078 1964 2182 2048 gigni.

178 2050 312 2134 parietis
351 2048 562 2131 exprimitur,
602 2047 726 2113 dissidii
765 2047 895 2112 abolitio
934 2067 993 2129 per
1026 2044 1149 2110 Christi
1204 2056 1278 2119 fidet
1299 2075 1364 2118 non
1387 2053 1494 2116 minus
1514 2071 1596 2133 opus
1612 2049 1731 2115 habore
1748 2051 1923 2115 mediatore
1938 2069 2035 2131 quam
2051 2060 2179 2132 gentes.

178 2156 327 2202 carnem:
362 2133 520 2216 siquidem
554 2133 640 2199 lilius
668 2134 730 2198 Dei
763 2151 968 2198 communem
1001 2131 1151 2195 omnibus
1204 2140 1296 2205 Nihil
1324 2139 1411 2203 enim
1442 2136 1513 2217 lex,
1547 2133 1630 2199 nihil
1652 2138 1890 2213 caeremoniae,
1920 2135 2002 2199 nihil
2025 2134 2182 2201 Abrahae

180 2232 330 2288 naturam
364 2220 530 2284 induendo
568 2219 743 2302 perlectam
771 2219 930 2285 unitatem
961 2219 996 2282 in
1017 2236 1151 2299 corpore
1205 2246 1324 2308 genus,
1358 2223 1439 2287 nihil
1468 2241 1579 2287 omnes
1609 2222 1874 2304 praerogativae,
1902 2221 2018 2304 quibus
2048 2222 2183 2286 fuerant

180 2327 238 2373 suo
261 2305 475 2371 consecravit·
1203 2311 1319 2393 ornati,
1342 2309 1407 2373 illis
1429 2308 1548 2390 alioqui
1570 2307 1777 2389 profuissent.
1808 2306 1934 2372 Omnes
1957 2307 2043 2371 enim
2067 2326 2182 2388 pecca·

266 2392 315 2458 15.
349 2391 460 2473 Ledam
481 2391 699 2456 mordemus
721 2391 755 2454 ie
770 2390 904 2455 decretis.
936 2386 1031 2470 Quod
1051 2397 1151 2453 mota·
1204 2407 1308 2462 tores:
1339 2404 1373 2461 et
1395 2393 1543 2459 remissio
1566 2402 1771 2476 peccatorum
1798 2393 1927 2458 nonnisi
1956 2391 2182 2457 intercedente

179 2479 310 2564 phorioe
325 2498 383 2560 per
399 2497 516 2542 nomen
533 2478 663 2559 parietis
679 2475 894 2553 intellexerat,
918 2495 1006 2539 nuno
1023 2474 1150 2557 planius
1204 2483 1329 2548 Christi
1351 2481 1458 2565 gratia
1475 2478 1648 2545 obtinetur.
1688 2479 1821 2561 Repetit
1842 2481 1888 2543 in·
1906 2499 1979 2543 uno
2000 2496 2181 2560 corpore,

178 2565 340 2649 exprimit,
368 2561 504 2627 abolitas
534 2584 591 2646 per
613 2561 781 2626 Christum
809 2562 1030 2626 caeremonias
1053 2560 1151 2623 luisse
1204 2578 1241 2632 ut
1263 2569 1368 2634 edient
1383 2565 1506 2647 Iudaei,
1529 2585 1565 2629 se
1583 2565 1630 2628 ita
1653 2563 1783 2628 demum
1806 2565 1933 2646 placere
1951 2565 2029 2641 Deo,
2052 2564 2080 2630 si
2102 2582 2181 2629 cum

179 2652 300 2733 dicens,
330 2651 363 2713 in
392 2646 511 2729 quibus
538 2659 608 2712 erat
634 2647 831 2713 discriminis
856 2646 1021 2729 professio.
1064 2644 1150 2709 Nam
1204 2655 1355 2737 gentibue
1379 2652 1536 2716 unitatem
1559 2649 1678 2714 colant.

178 2735 389 2813 circumcisio,
411 2734 579 2812 sacrificia,
602 2733 795 2808 ablutiones,
822 2744 984 2797 certorum
1003 2731 1150 2798 ciborum
1289 2739 1353 2805 Per
1373 2757 1502 2806 emm.
1543 2735 1620 2801 Ideo
1643 2734 1766 2802 addidit
1788 2755 1907 2799 nomen
1929 2735 2044 2812 crucis,
2067 2744 2107 2800 nt
2128 2755 2183 2800 aa·

180 2821 395 2899 abstinentia,
421 2820 497 2902 quid
526 2818 616 2884 aliud
645 2829 739 2883 erant
765 2839 864 2901 quam
886 2816 1151 2884 sanctificationis
1203 2827 1358 2891 orificium
1399 2822 1596 2905 expiationis
1635 2832 1772 2886 notaret.
1824 2821 1909 2885 Nam
1948 2841 2052 2903 quum
2091 2820 2184 2887 iuter

179 2906 338 2993 symbolis,
361 2926 443 2988 quae
464 2905 602 2971 111118θο8
623 2905 846 2981 &dmfflwrssnb
875 2915 994 2969 sortem
1017 2924 1108 2969 suam
1132 2922 1151 2966 ⁸
1203 2910 1312 2975 Deum
1342 2918 1376 2974 et
1405 2930 1463 2973 nos
1485 2914 1653 2990 peccatum
1676 2906 1740 2972 odii
1766 2907 1809 2972 ait
1831 2926 1944 2986 causa,
1969 2906 2102 2971 nonnisi
2123 2904 2182 2971 illo

180 2992 316 3074 reliquis
342 3011 414 3057 esse
440 2990 618 3067 diversam,
651 2988 924 3072 quemadmodum
957 3010 1045 3055 nunc
1078 2988 1152 3052 alba
1175 3022 1179 3077 l
1204 2997 1323 3061 abolito
1356 2995 1439 3078 genti
1475 3013 1617 3075 unquam
1647 2992 1718 3057 Deo
1750 2994 1880 3057 crimus.
1942 2993 2096 3057 Deletnm
2129 3002 2185 3057 est

179 3100 262 3146 crux
285 3090 316 3142 et
335 3075 433 3141 rubra
452 3076 569 3143 Gallos
590 3098 610 3140 a
631 3074 822 3160 Burgundis
845 3075 1008 3142 discernit·
1044 3074 1151 3157 Signi·
1176 3082 1178 3117 ¹
1203 3082 1306 3165 igitur
1329 3091 1431 3145 morte
1446 3079 1582 3161 Christi,
1605 3079 1638 3141 in
1662 3100 1725 3160 qua
1743 3100 1778 3144 se
1796 3080 1880 3161 patri
1900 3077 2019 3143 obtulit
2037 3078 2181 3144 hostiam

181 3167 257 3230 11081
295 3164 403 3245 illique
440 3162 577 3245 Paulus,
618 3184 683 3226 non
724 3169 850 3227 1811111111
895 3161 1036 3227 adscitas
1081 3180 1152 3225 0880
1204 3167 1426 3251 expiatricem.
1472 3164 1681 3246 Quamquam
1704 3164 1766 3228 hae
1787 3165 1885 3229 etiam
1909 3164 1949 3228 de
1971 3183 2069 3230 effuga
2089 3182 2184 3228 meu.

180 3261 293 3333 gentes
325 3250 359 3314 in
382 3250 642 3314 communionem
663 3249 805 3331 gratiae,
838 3248 979 3331 nequid
1011 3245 1152 3330 amplius
1204 3256 1328 3318 tionem
1361 3250 1467 3317 crucis
1501 3251 1586 3327 facit,
1620 3251 1773 3332 quoniam
1808 3271 1864 3332 per
1895 3270 1966 3314 eam
2001 3251 2182 3332 abrogatae

180 3337 351 3401 differrent
383 3355 403 3399 a
434 3334 580 3400 Iudaeis:
617 3334 674 3399 sed
709 3334 835 3417 insigne
868 3353 995 3416 quoque
1027 3331 1153 3398 dissidii
1176 3398 1179 3437 l
1204 3349 1281 3404 sunt
1296 3359 1408 3403 omncs
1425 3337 1656 3401 caeremoniae.
1685 3336 1780 3402 Unde
1795 3335 1953 3418 sequitur,
1971 3336 2184 3414 perimens

179 3424 281 3488 fui&
309 3418 490 3498 flublssiuma
521 3420 596 3502 (1⁰5⁸
626 3421 801 3503 ²b¹⁰ss⁸l²⁰
828 3420 896 3485 ⁸lssl
922 3420 1153 3484 ⁰80¹⁰ffl⁰⁰l⁸0·
1176 3456 1179 3497 ι
1204 3427 1247 3489 in
1270 3425 1361 3507 ipsa
1382 3422 1649 3486 inimicitias.
1695 3422 1778 3486 Nam
1795 3421 1905 3501 procul
1921 3420 2019 3486 dubio
2041 3421 2083 3485 ad
2105 3439 2182 3485 cru·

180 3506 464 3588 Quemadmodum
487 3506 515 3571 si
533 3507 683 3587 princeps
705 3526 791 3570 unus
811 3504 1003 3572 dissidentes
1019 3504 1152 3587 populos
1204 3531 1273 3576 cam
1297 3510 1412 3574 referri
1435 3508 1539 3572 debet.
1585 3506 1689 3572 Cuius
1718 3517 1829 3571 umen
1852 3507 2032 3589 particulae
2055 3504 2183 3589 duplex

180 3591 417 3660 subditionem
450 3611 542 3657 suam
567 3591 744 3674 redigeret,
778 3612 845 3656 non
874 3600 1002 3656 tantum
1035 3590 1153 3656 animis
1204 3608 1310 3679 potest
1338 3615 1408 3660 esse
1439 3614 1569 3659 sensus:
1601 3590 1654 3657 vel
1682 3592 1768 3674 quod
1798 3591 1952 3658 Christus
1982 3604 2087 3657 morte
2119 3611 2184 3658 sua

181 3678 280 3746 vellet
308 3699 378 3744 esse
400 3678 607 3760 coniunctos,
631 3677 689 3744 sed
711 3677 867 3759 pristinae
889 3676 1064 3742 simultatis
1087 3685 1151 3740 tes·
1203 3692 1329 3765 patrem
1370 3681 1463 3745 nobis
1491 3677 1649 3761 placando
1686 3679 1769 3742 iram
1799 3680 1870 3742 eius
1904 3677 2094 3744 abstulerit:
2126 3676 2184 3742 rel

183 3783 274 3831 seras
306 3776 340 3828 et
367 3763 510 3846 insignia
538 3762 675 3830 tolleret.
719 3762 1002 3844 Quemadmodum
1031 3761 1151 3846 obliga·
1204 3766 1289 3850 quod
1304 3766 1445 3831 Iudaeos
1467 3764 1589 3846 pariter
1605 3774 1639 3828 et
1657 3774 1771 3847 gentes
1798 3763 1987 3829 redimendo
2010 3761 2185 3828 reduxerit

181 3854 270 3916 tione
292 3850 427 3915 remissa
449 3848 702 3934 chirographum
731 3848 900 3914 scinditur.
945 3847 1020 3929 Qua
1042 3846 1151 3913 simili·
1204 3855 1238 3918 in
1261 3872 1364 3918 unum
1387 3870 1528 3934 gregem.
1572 3849 1745 3914 Secundus
1771 3848 1853 3913 mihi
1874 3848 2005 3914 videtur
2027 3846 2184 3931 probabi·

183 3936 298 4001 tudine
331 3937 365 4000 in
397 3936 510 4001 eodem
543 3944 737 4020 argumento
771 3956 850 4000 usus
882 3943 933 3999 cst
954 3933 1078 4000 Paulus
1111 3932 1152 3999 ad
1204 3940 1283 4004 lior:
1308 3937 1384 4021 quia
1405 3936 1556 4001 convenit
1577 3954 1651 4000 cum
1673 3936 1839 4017 superiore
1857 3933 2012 4014 membro,
2034 3933 2183 3999 inimi·

182 4022 392 4088 Colossenses
425 4021 650 4103 capite2,14.
696 4019 838 4101 Quidam
879 4018 1070 4103 particulam
1109 4019 1151 4084 in
1203 4020 1529 4092 citiaaabolens
1553 4021 1592 4085 in
1613 4040 1842 4086 carnosus.

183 4108 362 4175 decretis
400 4108 603 4190 coniungunt
639 4127 715 4173 cum
762 4106 929 4189 participio
965 4105 1151 4185 abolens,

183 4193 240 4258 sed
263 4213 441 4275 perperam.
481 4193 565 4258 Nam
590 4192 629 4259 de
651 4193 723 4276 lege
744 4189 971 4257 caeremoniali
995 4192 1042 4256 ita
1063 4192 1152 4274 loqui
1292 4194 1342 4259 17.
1376 4187 1421 4258 Et
1453 4193 1577 4259 conicias
1608 4192 1832 4275 courmelieooit
1856 4212 1967 4274 pacem
1996 4191 2094 4272 vote,
2124 4192 2185 4274 pat

183 4278 279 4345 solet:
315 4281 349 4341 in
382 4297 446 4362 qna
475 4278 639 4343 Dominus
669 4299 735 4342 non
769 4277 863 4342 modo
892 4277 1073 4360 simplicem
1102 4278 1152 4342 vi·
1204 4281 1303 4347 erutis
1334 4279 1453 4361 proed,
1492 4282 1520 4343 et
1549 4298 1660 4360 pacem
1685 4279 1738 4355 iis,
1778 4278 1835 4359 qai
1865 4278 2038 4360 propinqui
2073 4282 2185 4345 acio.-

184 4361 282 4428 vendi
315 4365 461 4449 regulam
494 4363 745 4446 praescribebat,
778 4361 834 4428 sed
865 4362 1020 4447 alligabat
1053 4364 1152 4428 etiam
1206 4367 1256 4433 18.
1288 4366 1437 4446 ᾳιιοιιίαηι
1465 4385 1526 4445 per
1546 4366 1652 4446 ipsam
1680 4363 1827 4429 babemus
1847 4384 2004 4430 messam
2033 4362 2126 4430 umbo
2148 4364 2185 4429 itt

184 4448 323 4514 Iudaeos
340 4451 439 4516 variis
454 4449 599 4516 decretis.
629 4447 723 4514 Unde
737 4448 888 4533 colligere
903 4449 988 4534 licet,
1010 4448 1152 4514 Paulum
1204 4472 1267 4517 aare
1289 4451 1407 4534 spirita
1429 4450 1472 4516 od
1488 4456 1622 4531 patrem.
1668 4450 1718 4515 19.
1747 4449 1835 4533 Ergo
1855 4470 1918 4515 aea
1948 4449 2087 4531 amplias
2107 4450 2185 4516 adia

184 4535 315 4601 nonnisi
336 4534 376 4600 de
398 4534 470 4620 lego
492 4535 720 4600 caeremoniali
741 4535 794 4600 hio
816 4544 970 4601 tractare:
1002 4537 1077 4618 quia
1099 4535 1153 4599 lex
1204 4538 1341 4619 hospites
1366 4541 1395 4600 et
1416 4535 1582 4617 inquilini:
1603 4534 1659 4600 sai
1680 4539 1760 4600 acea
1780 4541 2002 4600 candorem
2023 4534 2186 4601 domestici

184 4621 316 4687 morulis
349 4641 414 4687 non
448 4621 662 4687 interstitium
695 4633 746 4686 est
775 4619 860 4702 quod
892 4641 951 4685 nos
982 4618 1154 4686 aIudaeis
1206 4623 1278 4700 Dei,
1323 4622 1375 4688 20.
1404 4621 1655 4703 superaedificati
1684 4621 1888 4702 sacdccteato
1916 4621 2126 4702 apostoloram
2155 4625 2186 4686 et

184 4718 330 4791 separet:
354 4728 456 4791 quum
480 4707 660 4773 doctrinam
682 4705 935 4789 comprehendat
957 4727 1025 4771 non
1044 4706 1154 4771 minus
1200 4707 1430 4791 prophetaram,
1465 4708 1556 4773 caius
1577 4707 1661 4788 lupia
1688 4727 1829 4772 maumas
1856 4707 2023 4790 anecdotis
2045 4711 2092 4771 est
2114 4706 2185 4787 iprae

184 4794 276 4858 nobis
299 4812 395 4874 quam
418 4792 547 4859 Iudaeis
565 4813 779 4859 communem.
824 4793 998 4858 Caeterum
1028 4813 1070 4857 ex
1093 4792 1155 4856 hoo
1208 4793 1367 4860 Christro:
1409 4795 1460 4857 21.
1483 4794 1518 4857 ia
1542 4813 1602 4875 qao
1624 4797 1719 4858 mam
1735 4792 1913 4872 edificium
1929 4797 2184 4876 emmam,

184 4879 253 4945 loco
283 4878 387 4944 refelli
411 4881 507 4943 etiam
536 4888 644 4962 potest
661 4878 864 4961 quorundam
892 4899 991 4955 error,
1019 4879 1073 4959 qui
1097 4899 1154 4961 pu·
1204 4880 1312 4945 deecit
1336 4878 1702 4958 intemperamentum
1727 4880 1763 4943 ia
1784 4879 1934 4944 Domino:
1976 4877 2030 4943 22.
2063 4879 2098 4942 ia
2120 4897 2185 4960 qao

185 4972 255 5030 tant
291 4965 567 5031 circumcisionem
605 4976 637 5029 et
673 4964 753 5028 alios
787 4975 912 5030 veteres
944 4965 1026 5028 ritus
1060 4962 1155 5029 bodie
1206 4970 1310 5030 etccs
1335 4965 1586 5044 coaedificamini
1613 4965 1649 5028 ia
1671 4963 1881 5030 babitaculum
1904 4964 1967 5030 Dei
1996 4967 2032 5030 iu
2053 4963 2183 5045 specta

185 5070 311 5132 quoque
326 5070 459 5115 manere
475 5051 579 5131 quoad
592 5049 741 5115 Iudaeos:
758 5051 885 5115 etiamsi
901 5049 1020 5114 abillis
1036 5048 1155 5114 liberae

186 5137 252 5199 siut
273 5147 395 5218 gentes.
426 5134 498 5200 Hoc
520 5139 603 5201 euim
626 5144 720 5219 pacto
738 5147 886 5201 maneret
900 5136 1007 5200 adhuc
1030 5134 1156 5201 medius
1294 5135 1384 5201 Nihil
1408 5135 1575 5218 prodesset
1596 5135 1679 5201 illud
1703 5145 1806 5201 totum
1828 5134 1915 5218 quod
1936 5135 2045 5201 docuit
2067 5134 2107 5201 de
2130 5154 2184 5201 re·

186 5220 293 5303 paries
315 5221 400 5288 inter
423 5242 498 5288 nos:
522 5223 605 5305 quod
628 5222 746 5289 falsum
767 5244 837 5289 esse
859 5222 1070 5287 convincitur.
1207 5221 1432 5287 conciliatione
1462 5241 1520 5304 per
1543 5220 1711 5288 Christum
1739 5223 1835 5302 iacta,
1864 5222 1927 5286 nisi
1956 5242 2013 5304 per
2043 5241 2187 5306 evauge-
