4762 6016
195 365 256 434 itt
1089 366 1241 435 CAPUT
1264 366 1309 432 11.
1434 422 1436 427 .
2145 368 2208 436 198

196 561 329 629 Obristn
352 570 387 627 st
407 560 579 647 evangelio
601 560 771 628 dederunt.
810 558 974 627 Praedicit
994 581 1072 644 ergo
1087 561 1173 629 Pau·
1226 560 1316 628 diam
1345 562 1401 644 qni
1422 560 1520 627 fidem
1544 560 1679 629 Obristo
1701 561 1878 629 dederunt:
1908 565 1986 646 quia
2007 567 2117 650 ipsum
2141 566 2208 634 Dei

194 649 247 715 lua
277 646 466 731 generalem
495 645 661 732 quendam
684 646 821 714 risibilis
843 645 999 714 ecclcsiae
1023 647 1173 714 deiectio·
1226 647 1388 731 templum
1411 647 1570 732 sacrilega
1593 647 1770 732 tyrannide
1793 649 2001 731 polluendum
2024 654 2146 732 sitite
2168 665 2208 720 ut

195 755 281 801 uem.
322 733 372 800 Ao
392 733 421 800 ai
442 732 575 815 diceret,
596 732 763 800 ecelesiam
785 732 878 834 prins
900 732 935 798 in
958 733 1119 800 deformes
1141 744 1175 801 st
1226 732 1293 800 illie
1323 733 1511 800 dominetur
1539 753 1688 800 summus
1715 733 1821 800 hostis
1850 733 1986 802 (lbristi.
2030 736 2206 806 Revelatio

195 818 375 886 horrendas
410 819 525 886 mnas
561 827 689 904 oportet
725 817 844 903 redigi,
884 838 982 902 qnam
1019 818 1175 886 adveniet
1226 819 1281 885 bic
1300 839 1360 903 pro
1382 827 1496 901 aperta
1518 819 1704 903 tyrannidis
1725 821 1929 903 possessiorm
1949 821 2093 902 capitur:
2117 827 2207 892 acsi

194 907 292 990 pleno
320 904 390 971 sins
412 903 588 972 restitutio.
630 904 722 970 Hinc
742 902 893 989 colligere
914 913 1101 988 promptum
1123 916 1175 973 est
1226 904 1368 972 dixisset
1392 903 1519 970 Paolna
1545 923 1613 970 non
1644 915 1821 972 ventumm
1843 906 1930 972 diem
1952 905 2077 974 Christi
2104 909 2208 980 donoc

195 1011 293 1076 quem
323 989 403 1057 utils
432 991 477 1056 sit
504 991 566 1057 hoc
588 990 686 1057 Penii
714 990 920 1058 vaticinium:
949 990 1055 1056 videri
1083 996 1172 1056 enim
1225 989 1334 1074 palam
1356 1009 1393 1056 se
1413 989 1592 1056 ostenderit
1614 989 1667 1056 hic
1688 1000 1860 1074 tyrannus,
1891 1001 1924 1057 et
1953 994 2045 1075 quasi
2068 1014 2110 1060 cx
2133 1017 2205 1078 pro·

194 1083 306 1162 posset
327 1096 392 1142 non
415 1077 517 1142 inisse
535 1076 598 1141 Dei
621 1076 805 1141 aediticium
828 1074 914 1158 quod
936 1088 1069 1159 repente
1087 1078 1174 1144 diru·
1226 1079 1311 1142 lasso
1332 1080 1437 1142 tntum
1460 1074 1617 1143 ecclcsiae
1639 1077 1787 1142 ordinem
1809 1079 1976 1144 everterit

195 1175 265 1229 tom
293 1162 365 1238 tuit,
395 1162 480 1245 qnod
504 1161 627 1228 tamdiu
657 1164 691 1227 in
721 1161 827 1228 ruinis
848 1162 957 1241 iacuit,
984 1163 1046 1228 uisi
1069 1163 1174 1229 multu
1312 1160 1592 1245 hAdoersort'tts,
1613 1162 1714 1245 etqui
1729 1183 1763 1228 ee
1783 1163 1909 1230 mollit
1953 1166 2026 1230 Duo
2048 1165 2206 1250 epitheta,

195 1258 271 1315 anto
292 1247 417 1313 Paulos
444 1248 506 1315 hoo
531 1249 676 1314 tntnrnm
699 1247 892 1314 monuisset
935 1248 1008 1313 Imo
1029 1249 1175 1333 plerique
1226 1247 1376 1314 scelerati
1405 1256 1440 1313 st
1467 1247 1526 1313 tilii
1556 1247 1684 1330 perditi,
1719 1249 1862 1331 primum
1887 1253 2079 1332 exprimunt
2105 1272 2204 1335 qoam

196 1333 303 1414 hodie,
321 1353 422 1418 quum
439 1333 631 1400 diuturnam
642 1333 797 1400 ecclesius
808 1331 1052 1415 dissipationem
1064 1355 1173 1400 secum
1227 1332 1393 1400 horrenda
1414 1334 1458 1399 sit
1475 1332 1587 1398 futura
1608 1334 1763 1413 contusio,
1787 1355 1828 1401 ne
1849 1336 1896 1401 rei
1919 1336 2100 1420 indignitas
2114 1339 2206 1405 intir-

195 1427 368 1504 repntant,
410 1419 566 1485 vacillare
594 1419 777 1503 incipiunt,
810 1439 848 1485 au
877 1422 905 1483 ei
933 1420 998 1485 Dei
1037 1422 1173 1487 oonsilio
1227 1439 1298 1485 mos
1319 1419 1447 1485 enimes
1468 1418 1638 1502 percellat:
1661 1419 1778 1487 deiude
1800 1419 1870 1503 pios
1891 1419 1933 1486 ud
1956 1421 2205 1490 detestationem

195 1526 263 1572 non
285 1505 401 1572 inisset
421 1506 483 1572 hoc
504 1504 735 1592 gubemetnm.
778 1503 1004 1571 Romanenses
1030 1526 1110 1572 vero
1137 1511 1175 1571 nt
1226 1504 1398 1587 inducunt,
1421 1525 1463 1571 ne
1484 1502 1686 1590 degenerent
1707 1526 1772 1571 una
1793 1526 1867 1573 oum
1891 1507 1973 1574 aliis.
2009 1507 2107 1575 Nouo
2127 1530 2206 1578 vero

195 1591 275 1656 idoli
311 1592 363 1657 sui
401 1590 611 1676 tyrannidem
647 1601 819 1671 meumst,
855 1596 1054 1672 praetexunt
1087 1592 1175 1658 huno
1227 1589 1362 1671 Paulus,
1390 1591 1484 1673 quasi
1509 1591 1545 1656 in
1572 1591 1683 1658 tabule
1703 1591 1850 1742 depingit
1869 1594 1984 1662 viram¹
2003 1594 2205 1662 Antichristi

195 1677 354 1745 colorem:
390 1678 463 1742 fieri
496 1698 563 1744 non
588 1676 734 1760 potuisse
766 1686 802 1741 nt
835 1676 989 1743 Christus
1021 1697 1173 1761 sponsam
1226 1676 1386 1760 sifigiem:
1410 1697 1486 1741 nam
1509 1697 1550 1742 ex
1573 1676 1625 1743 his
1643 1677 1752 1743 verbis
1769 1678 1922 1763 coligere
1938 1689 2126 1763 promptum
2144 1692 2206 1762 est,

196 1782 288 1829 auam
317 1763 493 1829 desereret.
535 1763 662 1830 Verum
687 1761 809 1827 babent
830 1762 884 1828 hie
906 1763 1030 1828 infirmi
1052 1783 1117 1848 qno
1140 1785 1195 1829 se·
1226 1762 1322 1844 quele
1344 1764 1387 1828 sit
1409 1763 1478 1828 eius
1500 1782 1652 1846 regnum,
1674 1770 1708 1828 et
1729 1765 1845 1846 quibua
1868 1767 1902 1830 in
1924 1765 2023 1839 rebus
2040 1766 2206 1834 consistat.

194 1850 389 1928 sustineant,
410 1868 511 1930 quum
534 1848 673 1916 audiunt
694 1850 760 1913 iam
781 1847 860 1913 olim
880 1849 981 1913 tuisse
999 1850 1174 1932 preediotn,
1227 1848 1338 1928 Quum
1361 1848 1450 1913 enim
1468 1847 1692 1914 adversarium
1711 1852 1868 1928 nominet,
1890 1871 1992 1933 quum
2008 1851 2098 1936 uicit,-
2115 1873 2206 1920 orro-

194 1955 292 2019 quam
322 1944 464 2001 cernunt
492 1933 730 2001 deformitatem
753 1933 788 1999 in
811 1934 963 2000 ecclesis:
992 1936 1176 2001 Romaucn·
1226 1946 1381 2016 gntnrum
1404 1933 1467 2000 sibi
1490 1954 1573 2016 quae
1591 1933 1655 1999 Dei
1679 1936 1809 2016 propria
1830 1945 1917 2015 sont,
1941 1950 1978 2004 ut
1995 1956 2055 2021 pro
2069 1939 2209 2005 numine

193 2022 280 2087 aium
296 2041 375 2086 voro
393 2021 595 2103 impudentis
613 2031 725 2104 aperte
741 2020 910 2098 refellitur,
939 2024 1017 2103 quia
1035 2041 1175 2103 pronun·
1227 2020 1262 2084 in
1295 2019 1418 2103 templo
1451 2020 1594 2086 colatur:
1636 2019 1758 2086 directe
1791 2022 1861 2086 cios
1903 2043 2042 2106 rognum
2078 2022 2205 2091 Christi

194 2107 258 2171 tiat
278 2105 402 2171 Paulus
425 2115 599 2172 venturam
630 2105 855 2184 deiectionem,
887 2106 942 2172 nbi
964 2106 1025 2173 sub
1048 2106 1175 2173 Ohristi
1227 2125 1329 2189 regno
1350 2105 1493 2188 opponit.
1539 2106 1629 2190 Ergo
1657 2114 1695 2171 nt
1715 2107 1885 2188 spirituale
1906 2128 2056 2192 reguum,
2069 2108 2206 2192 Christi,

195 2192 368 2276 imperium
400 2191 550 2257 redactus
573 2193 670 2258 tuerit
691 2191 841 2257 mundns.
884 2193 954 2258 Gur
975 2201 1083 2258 antem
1106 2192 1174 2258 Do·
1226 2192 1273 2255 ita
1303 2191 1388 2255 hunc
1420 2190 1630 2276 tyrannidem
1663 2193 1698 2256 in
1731 2193 1859 2257 animas
1893 2214 1964 2258 esse
1995 2203 2132 2276 oportet,
2167 2206 2206 2260 nt

193 2279 305 2344 minus
328 2277 496 2345 ecclesiam
520 2284 615 2362 (qnae
637 2279 754 2344 saltem
771 2276 957 2363 ridebatur)
978 2280 1024 2343 its
1044 2279 1173 2343 foedum
1227 2275 1351 2343 Christi
1382 2297 1519 2361 regnum
1543 2278 1742 2343 aemuletur:
1770 2287 1804 2342 ot
1833 2286 1944 2361 postea
1972 2281 2043 2344 vim
2070 2279 2206 2346 tollendi

195 2364 234 2430 in
256 2362 388 2429 modum
410 2364 533 2446 prolabi
555 2385 670 2446 possus
693 2363 799 2442 fuerit,
823 2384 900 2430 mox
923 2365 1113 2430 videbimus.
1227 2383 1286 2445 par
1307 2363 1426 2445 impius
1448 2363 1614 2429 doctrines
1636 2374 1669 2429 et
1690 2363 1768 2428 ficta
1796 2375 1947 2449 portentu
1970 2364 2017 2430 illi
2036 2366 2204 2432 attribuet.

287 2449 455 2515 Revelatos
489 2450 597 2532 fuerit.
652 2450 794 2515 Prorsus
830 2449 918 2516 anile
954 2458 1192 2516 commentum
1229 2449 1318 2532 Ergo
1342 2459 1379 2513 ut
1401 2448 1642 2516 Antichristum
1665 2467 1853 2535 cognosces,
1875 2449 2048 2517 Ohristum
2071 2472 2113 2517 ex
2135 2451 2205 2516 dia-

190 2536 261 2602 ·lnit
283 2535 323 2601 de
338 2535 477 2614 Nerone,
500 2533 586 2618 quod
609 2546 723 2620 raptus
745 2543 831 2601 essct
846 2534 887 2601 de
900 2535 1035 2619 mundo,
1058 2537 1174 2600 iterum
1227 2546 1331 2599 metro
1348 2533 1398 2598 illi
1416 2554 1579 2616 opponere
1603 2535 1764 2602 convenit.
1800 2534 1867 2603 Ubi
1891 2535 2063 2616 transtuli,
2086 2556 2206 2603 omne

196 2620 388 2706 proditurus
418 2622 458 2687 ad
491 2621 675 2687 vexandam
706 2642 768 2685 sua
797 2621 972 2703 tyrannide
994 2620 1175 2686 ecclesiam.
1227 2621 1336 2703 quod
1373 2619 1528 2686 dicitur
1560 2621 1690 2686 Deua:
1728 2623 1834 2706 magis
1866 2630 1998 2708 recepta
2031 2630 2082 2687 est
2118 2621 2206 2706 apud

197 2706 244 2773 Et
271 2718 380 2773 tamen
411 2709 458 2773 sic
489 2708 665 2774 fascinatae
687 2718 783 2771 eraut
804 2717 954 2773 veterum
973 2711 1111 2791 mentes,
1139 2716 1176 2772 nt
1227 2706 1371 2772 Gneoos
1393 2705 1506 2771 lectio:
1535 2726 1665 2773 omnem
1694 2708 1749 2791 qni
1771 2705 1899 2773 dicitnr.
1944 2707 2071 2775 Onniici
2093 2715 2206 2777 tamen

196 2792 363 2859 Neronem
409 2801 564 2876 putarent
606 2795 675 2859 foro
724 2793 975 2858 Antichristum.
1049 2793 1175 2859 Paulus
1227 2800 1334 2875 potest
1362 2812 1405 2856 ex
1433 2799 1499 2855 tam
1529 2797 1641 2858 vetere
1664 2793 1893 2872 translatione,
1923 2815 2020 2878 quam
2050 2814 2092 2860 cx
2123 2815 2207 2862 nou·

196 2888 310 2945 autem
339 2899 405 2944 non
437 2878 478 2945 de
504 2900 571 2944 uno
594 2878 726 2944 bomine
748 2877 902 2962 loquitur,
931 2878 988 2945 sed
1012 2878 1051 2944 de
1074 2899 1175 2963 reguo
1226 2877 1328 2943 nullis
1367 2877 1571 2943 Graecorum
1612 2880 1871 2959 commentariis,
1910 2887 2065 2962 corrupta
2103 2879 2207 2947 luisse

196 2964 286 3048 quod
308 2986 327 3029 a
351 2964 476 3031 Satanc
497 2964 723 3048 occupandum
746 2965 799 3043 sit,
822 2975 860 3029 nt
879 2964 990 3030 eedem
1012 2965 1175 3031 ebornino·
1228 2963 1323 3028 Pauli
1352 2962 1464 3028 verbe.
1508 2963 1553 3028 Et
1574 2962 1729 3046 proclivis
1751 2965 1814 3029 init
1835 2966 1933 3031 unius
1956 2965 2070 3031 literae
2092 2966 2212 3050 lapsus

196 3052 299 3117 tionis
328 3052 362 3115 in
397 3051 504 3116 medio
527 3051 588 3115 Dei
620 3051 741 3133 templo
767 3051 888 3135 erigat:
916 3050 1004 3133 quod
1026 3049 1175 3117 videmus
1227 3050 1421 3133 praesertim
1450 3049 1505 3115 nbi
1535 3069 1656 3134 magua
1684 3060 1755 3115 erat
1783 3051 1910 3135 liguree
1936 3053 2094 3119 utfinitaa:
2127 3071 2206 3119 nom

193 3135 371 3220 'impletum
393 3139 426 3202 in
449 3149 583 3218 papatu.
614 3137 748 3202 *Latios
771 3135 901 3220 quidem
925 3137 1061 3203 detentio
1082 3156 1174 3220 gras·
1227 3135 1282 3200 nbi
1311 3137 1469 3217 scriptum
1501 3144 1574 3200 erat
1599 3144 1664 3201 πᾶν
1693 3138 1740 3215 τὸ,
1769 3137 1921 3203 librarius
1951 3137 2124 3222 quispiam,
2153 3139 2206 3203 vel

196 3232 271 3290 eata
292 3233 356 3289 est:
380 3242 458 3287 nam
481 3223 696 3303 ldehumotee,
719 3220 850 3288 nt'erat
870 3233 1027 3306 apostate,
1051 3223 1175 3289 'l'nroae
1228 3222 1365 3286 nimium
1388 3221 1496 3286 eudcx
1518 3220 1619 3288 lector
1641 3223 1717 3289 tecit
1737 3223 1855 3288 πάντα.
1895 3223 2113 3306 Quamquam.
2126 3224 2208 3291 haee

196 3328 274 3374 suos
310 3331 328 3374 a
360 3308 494 3375 Christo
532 3308 698 3375 alienavit.
753 3308 879 3375 Omnes
915 3308 1070 3374 haeretici
1107 3308 1175 3374 suis
1229 3306 1380 3384 serietas,
1399 3316 1559 3390 quantum
1577 3307 1618 3374 ad
1636 3329 1780 3386 sensum,
1804 3310 1934 3376 nonita
1948 3309 2090 3375 multum
2107 3310 2208 3377 hebet

196 3395 296 3460 motis
328 3395 484 3462 ecclesiae
519 3397 678 3461 unitatem
715 3394 892 3461 sciderunt.
949 3394 1002 3460 Ita
1038 3394 1174 3461 totidem
1227 3394 1399 3458 momenti:
1423 3393 1485 3459 hoc
1507 3393 1595 3459 enim
1618 3396 1688 3460 siue
1703 3397 1929 3462 controversia
1946 3395 2052 3460 voluit
2070 3396 2205 3473 Paulus,

196 3481 332 3546 inerunt
353 3503 374 3546 a
394 3480 528 3546 Christo
550 3480 772 3548 discessiones.
806 3479 873 3546 Sed
896 3480 1021 3546 Paulos
1043 3481 1097 3546 uhi
1120 3480 1175 3544 ad·
1226 3478 1468 3545 Antichristum
1490 3479 1552 3545 sibi
1574 3490 1746 3563 rapturum
1769 3502 1854 3564 quoe
1872 3483 1972 3547 unius
1989 3482 2054 3547 Dei
2072 3485 2206 3566 proprie

195 3568 326 3631 monuit
354 3565 453 3631 telem
483 3567 550 3631 fore
580 3566 825 3650 dissipationem
855 3576 892 3632 ut
919 3568 1022 3632 maior
1050 3587 1127 3650 pars
1155 3587 1175 3632 a
1225 3570 1313 3643 sunt,
1346 3576 1383 3629 nt
1414 3586 1516 3647 supra
1548 3585 1644 3631 omno
1677 3566 1826 3632 divinum
1859 3587 1983 3633 numen
2013 3587 2048 3632 ao
2071 3569 2204 3634 efferat:

194 3650 332 3718 Christo
361 3651 558 3731 discederet,
584 3654 690 3717 maius
717 3651 872 3736 quiddam
902 3653 1011 3718 addit:
1047 3661 1173 3718 tautam
1225 3671 1288 3734 quo
1310 3660 1381 3715 tota
1401 3649 1517 3734 religio
1540 3659 1696 3733 totusque
1723 3652 1788 3717 Dei
1811 3652 1919 3719 cultus
1940 3653 2001 3718 sub
2023 3656 2094 3720 eins
2115 3653 2205 3738 pedi-

194 3738 265 3803 lore
293 3737 583 3820 perturbationem,
612 3751 649 3803 ut
678 3737 820 3804 Satanae
847 3741 990 3804 vicarius
1019 3739 1174 3805 ccclesiae
1226 3737 1285 3802 bns
1306 3737 1420 3802 iaceat.
1459 3737 1551 3803 Haec
1573 3736 1675 3820 igitur
1696 3739 1867 3823 particule,
1896 3757 1993 3804 omno
2021 3738 2106 3822 qnod
2128 3760 2205 3809 eco-

193 3823 379 3888 dominium
408 3835 554 3905 occupet,
583 3834 681 3906 atque
712 3824 778 3890 illic
801 3825 983 3906 praesideat
1005 3824 1076 3890 loco
1099 3823 1173 3889 Dei.
1225 3832 1315 3888 setur
1336 3822 1438 3901 Dens,
1460 3821 1598 3905 perinde
1618 3823 1763 3890 valetne
1786 3826 1814 3891 si
1833 3824 1978 3904 dixisset,
2000 3843 2097 3890 omno
2118 3826 2206 3909 quod

195 3907 350 3992 Regnum
374 3917 485 3974 autem
508 3909 595 3973 istud
618 3910 870 3974 abominationis
891 3911 952 3975 sub
983 3911 1079 3974 nnius
1101 3930 1173 3991 per-
1224 3918 1376 3974 ceusetur
1398 3908 1552 3975 divinitas
1575 3917 1608 3973 et
1629 3907 1784 3996 σέβασμα,
1806 3910 1869 3978 hoo
1890 3919 1952 3990 eat,
1980 3911 2017 3974 in
2039 3972 2044 3981 ζ
2067 3930 2109 3976 uo
2140 3910 2206 3977 Dei

194 4014 295 4060 annae
323 3996 454 4061 nomine
483 3993 655 4060 describit:
684 3997 761 4078 quia
791 4015 894 4059 uuum
916 4005 977 4077 est,
1007 4008 1173 4076 utcunque
1225 3994 1393 4060 veneratio
1414 3994 1573 4061 consistit
1608 3993 1675 4063 Hic
1696 4006 1806 4063 autem
1828 4016 1896 4063 non
1918 3995 2029 4081 agitur
2042 3929 2084 4061 hle
2098 3996 2205 4097 ipsiqs

196 4080 253 4145 alii
282 4081 355 4146 aliia
382 4079 564 4146 succedent
611 4079 709 4146 Nunc
735 4080 924 4163 intelligunt
946 4081 1082 4146 lectores
1104 4099 1188 4146 seor
1225 4078 1287 4144 Dei
1311 4080 1453 4157 nominc,
1481 4079 1539 4145 sed
1569 4079 1610 4145 de
1634 4082 1805 4148 maiestnte
1833 4091 1866 4147 et
1886 4081 1990 4161 cultu,
2016 4103 2055 4150 nc
2075 4083 2111 4148 in
2132 4103 2205 4148 nm-

198 4176 250 4232 tas
277 4186 401 4246 omnes,
430 4165 548 4249 quibos
570 4165 611 4231 nb
633 4167 728 4232 initio
748 4167 923 4232 imminuta
945 4167 1006 4230 fnit
1027 4165 1172 4248 ecclesia,
1224 4184 1356 4230 vorsum
1379 4165 1420 4230 de
1441 4166 1592 4232 omuibus
1613 4185 1697 4249 qnae
1718 4167 1781 4235 sibi
1803 4166 1971 4235 vendicat:
1994 4187 2033 4235 ao
2055 4169 2083 4233 si
2107 4166 2207 4235 dixia-

196 4252 333 4318 totidem
355 4253 456 4318 tuisse
478 4251 666 4319 deiectionis
689 4253 788 4335 rivos,
811 4273 895 4335 quoe
917 4273 1033 4334 nquam
1049 4272 1069 4316 c
1085 4263 1173 4317 teoto
1224 4260 1276 4316 set
1297 4249 1439 4316 Paulus:
1460 4250 1590 4336 Religio
1607 4273 1688 4319 vora
1708 4259 1769 4329 cst,
1791 4273 1856 4337 qua
1877 4253 1967 4320 solns
1988 4274 2089 4320 verua
2109 4253 2205 4321 Deus
2298 4290 2302 4297 ·

191 4355 295 4405 eursu
324 4337 485 4404 abducere
515 4339 660 4422 iuuepit:
694 4348 818 4406 sentem
851 4359 929 4403 vcro
957 4337 1172 4420 Muhometis,
1224 4336 1359 4401 colitur:
1381 4336 1467 4404 hauc
1488 4336 1530 4402 ad
1552 4357 1588 4403 se
1609 4338 1700 4406 filins
1718 4339 1867 4422 perditus
1884 4340 2071 4407 transferet.
2105 4339 2205 4406 Nunc

195 4423 303 4489 instar
325 4423 488 4490 violentae
510 4424 739 4490 exundationis
759 4425 869 4503 tuisse,
898 4443 981 4507 quae
1003 4421 1172 4488 dimidiam
1223 4422 1374 4505 quisquis
1403 4443 1444 4487 ex
1473 4424 1638 4507 scriptura
1665 4423 1800 4492 ednotus
1827 4424 1920 4503 erit,
1939 4445 2103 4507 quaenam
2130 4424 2206 4493 Deo

196 4508 271 4593 plus
299 4510 409 4575 minus
441 4521 566 4593 partem
596 4530 654 4576 sno
683 4512 808 4594 impetn
829 4520 968 4594 raperet.
1012 4509 1174 4576 Restabat
1224 4509 1368 4573 maxime
1389 4509 1458 4575 aiut
1478 4509 1621 4593 propria,
1641 4518 1677 4576 et
1697 4531 1740 4577 ex
1761 4511 1899 4578 adverso
1921 4509 2106 4578 intuebitur
2124 4511 2205 4596 qnid

196 4615 278 4661 vero
311 4605 348 4660 ut
379 4595 543 4662 residuam
565 4608 692 4679 partem
714 4616 841 4663 veneno
864 4616 923 4663 sno
947 4593 1173 4660 Antichristus
1223 4592 1286 4658 sibi
1314 4613 1399 4678 papa
1428 4606 1579 4680 usurpet:
1608 4595 1738 4665 etiamsi
1765 4617 1848 4681 poor
1876 4595 1919 4663 sit
1940 4594 2107 4679 deoeunia,
2135 4616 2204 4664 non

195 4682 354 4747 inficeret.
398 4680 452 4746 Its
472 4682 576 4748 oculis
598 4683 719 4749 uostris
740 4683 913 4761 cernimus,
941 4689 1062 4746 eventu
1084 4688 1186 4746 com·‘
1224 4678 1364 4744 multum
1390 4679 1553 4747 laborabit
1579 4682 1615 4746 in
1643 4681 1808 4749 noscendo
1830 4681 2044 4749 Antichristo.
2090 4682 2203 4766 Scrip-

218 4765 369 4832 robstnm
397 4768 497 4833 tuisse
526 4767 587 4833 hcc
615 4766 825 4834 memorabile
848 4768 944 4833 Pauli
975 4767 1172 4833 vaticinium.
1224 4774 1299 4830 tura
1327 4764 1448 4849 (Iacob.
1471 4765 1504 4844 4,
1527 4766 1581 4852 12)
1612 4765 1719 4834 Deum
1746 4767 1941 4851 pronuntiat
1967 4769 2105 4835 unicum
2132 4789 2204 4840 osee

188 4878 191 4887 ·
216 4873 238 4917 n
261 4853 322 4919 bac
344 4853 557 4936 expositione,
578 4870 679 4937 qnam
701 4854 811 4931 effero,
842 4852 925 4918 nihil
943 4864 1089 4919 coactum
1112 4862 1172 4919 est.
1213 4850 1445 4936 legislatorem
1467 4851 1525 4934 qui
1546 4873 1680 4919 servaro
1702 4861 1808 4936 puteat
1829 4873 1868 4920 ao
1888 4852 2041 4938 perdere:
2069 4855 2204 4920 unicum

194 4936 416 5005 Somniebant
436 4941 507 5006 eius
529 4942 643 5004 aetatis
664 4940 787 5018 fideles,
808 4959 844 5005 sc
866 4950 941 5024 post
962 4939 1072 5022 exigui
1090 4946 1172 5003 tem·
1222 4956 1345 5022 regem,
1367 4935 1460 5004 cuins
1482 4938 1626 5004 officinm
1647 4944 1699 5005 est
1720 4939 1820 5006 verbo
1841 4960 1902 5006 ano
1923 4959 2038 5026 regere
2059 4938 2204 5019 animas:

195 5026 287 5107 poris
301 5024 467 5092 molestias
483 5027 518 5089 in
532 5025 660 5090 coelum
686 5046 757 5092 esse
771 5023 1029 5091 transferendos:
1049 5023 1173 5090 Psnlua
1222 5022 1364 5089 eundem
1386 5023 1465 5090 tacit
1485 5024 1632 5090 omnium
1653 5043 1821 5092 aaorornm
1843 5034 2014 5095 autorem:
2042 5024 2205 5093 iustitiam

196 5122 307 5176 antem
337 5121 453 5176 contra
481 5110 648 5193 praedicit,
679 5111 735 5176 uhi
766 5112 879 5179 hostes
908 5120 1083 5176 extrnneos
1111 5107 1172 5175 ali·
1222 5119 1256 5175 ct
1276 5108 1419 5175 salntem
1441 5109 1482 5175 ab
1505 5130 1571 5176 uno
1588 5108 1721 5177 Ohrieto
1743 5111 1917 5196 petendam
1936 5110 2051 5179 docet:
2071 5110 2205 5177 modum

183 5195 345 5279 qnandiu
376 5197 514 5262 infestos
542 5196 727 5280 habuerint,
761 5197 837 5281 plus
865 5197 1026 5263 malornm
1049 5195 1172 5262 instare
1221 5195 1320 5261 umal
1343 5195 1558 5261 strationem
1581 5196 1737 5282 assignet.
1782 5197 1874 5265 Nihil
1904 5196 2023 5264 borum
2044 5198 2205 5285 estquod

184 5281 301 5346 domi:
332 5283 408 5365 quia
430 5283 556 5366 passim.
571 5283 753 5365 obripiendi
776 5284 843 5349 siut
863 5284 906 5349 nd
929 5282 1056 5349 toedam
1079 5283 1172 5366 perfi-
1222 5300 1289 5346 nou
1318 5283 1369 5347 sni
1399 5281 1586 5366 inris.papa
1607 5302 1679 5350 ease
1699 5292 1834 5352 asserat.
1880 5281 1989 5352 Suum
2010 5303 2084 5352 osae
2104 5285 2208 5368 glori·

1944 5403 1995 5457 13·
