4762 6016
195 368 260 436 333
1080 364 1232 434 CAPUT
1254 364 1314 433 VI.
2135 365 2202 434 334

196 558 1172 732 ttttttttttlt”tt0ttt¹‘¹tl'¹¹ttt⁰ttt{ltili
1223 558 1346 724 llll?
1365 558 2094 744 sstttttltt'ttttmtt„‘titt
2109 571 2198 716 stt

194 739 383 821 prinsquam
407 757 482 801 eum
512 736 623 801 videre
653 733 745 800 nobis
773 733 878 798 detur.
923 732 969 797 Et
997 755 1039 797 ne
1069 734 1172 798 aimus
1224 730 1349 799 Sensus
1382 752 1470 796 emm
1504 743 1571 816 est,
1608 733 1736 798 etiamsi
1769 731 1868 815 plene
1904 752 2015 799 rerum
2049 735 2199 801 omnium

194 822 282 889 ultre
306 822 440 888 modum
462 823 591 900 curiosi,
623 839 751 903 semper
779 818 862 884 illud
891 827 1069 898 succurrat,
1099 818 1172 900 plus
1223 819 1317 900 copia
1349 817 1532 898 affluamus,
1564 838 1624 884 nos
1653 822 1764 882 tamen
1793 816 1877 883 nihil
1907 816 2028 884 bebere
2061 820 2124 885 nisi
2156 842 2198 886 ex

194 908 231 974 iu
258 909 320 975 hec
348 907 558 991 inquisitione
587 906 696 972 valere
726 903 860 971 vivendi
888 923 986 986 quem
1016 903 1171 987 loquendi
1223 904 1292 970 sola
1310 902 1375 969 Dei
1404 902 1643 970 benedictione:
1677 902 1830 986 quoniam
1860 923 1899 969 ee
1928 903 1997 970 sole
2025 913 2086 989 set,
2115 926 2197 988 quae

194 992 336 1060 modum.
381 991 488 1061 Simul
509 1000 544 1058 ct
564 991 645 1057 illud
673 1010 788 1058 cavere
817 990 1064 1056 meminerimus
1086 989 1171 1073 qnod
1223 989 1316 1056 nobis
1337 988 1566 1056 subministrat
1587 988 1743 1073 quidquid
1766 1008 1847 1072 opus
1869 996 1927 1056 est.
1972 988 2069 1057 Unde
2090 992 2198 1075 ecqui·

194 1079 374 1166 prudenter
396 1079 603 1163 Augustinus
632 1075 813 1144 cavendum
837 1077 1000 1158 praecipit,
1029 1095 1071 1140 ne
1093 1074 1171 1140 dum
1222 1083 1279 1140 tur
1300 1075 1396 1141 valde
1423 1074 1501 1154 falli,
1531 1075 1585 1158 qui
1616 1075 1652 1141 in
1682 1075 1815 1140 divitias
1842 1074 2035 1141 recumbunt
2068 1085 2101 1141 et
2130 1097 2197 1143 uon

195 1164 384 1233 altercando
405 1165 609 1249 vestigemus
631 1163 790 1246 quomodo
814 1162 917 1245 possit
938 1159 1032 1226 Deus
1053 1161 1169 1239 videri,
1222 1161 1282 1226 toti
1305 1161 1449 1244 pendent
1470 1180 1490 1225 a
1512 1159 1575 1226 Dei
1604 1160 1838 1238 benedictione,
1868 1160 1904 1225 in
1927 1181 1991 1244 qua
2018 1163 2112 1229 nobie
2133 1163 2198 1229 site

193 1251 298 1336 ipsam
314 1271 426 1334 pacem
442 1249 797 1332 sanctificationemque
815 1246 999 1330 perdamne,
1021 1247 1092 1312 sine
1107 1268 1169 1331 qua
1221 1257 1272 1313 est
1293 1248 1400 1313 victus
1421 1254 1455 1313 et
1476 1266 1585 1312 rerum
1601 1248 1746 1313 omnium
1769 1247 1971 1314 sufficientia
1994 1247 2085 1316 Hinc
2099 1249 2196 1314 etiam

194 1358 291 1404 nemo
313 1336 423 1403 Deum
445 1336 569 1402 videbit
590 1354 744 1418 uuquam.
1221 1331 1414 1417 colligimus,
1442 1352 1507 1398 nou
1536 1332 1610 1400 ideo
1636 1340 1763 1398 tautum
1792 1354 1812 1399 a
1839 1354 1896 1416 spe
1918 1331 2107 1400 divitiarum
2136 1355 2197 1401 nos

1220 1419 1377 1498 revocari,
1406 1419 1483 1502 quia
1504 1419 1637 1485 nonnisi
1659 1418 1699 1484 ed
1722 1438 1818 1484 usum
1845 1417 1991 1485 mortalis
2014 1420 2100 1486 vitae
2124 1441 2196 1505 per·

281 1507 332 1574 17.
355 1507 416 1592 Iis,
438 1508 494 1590 qni
513 1507 626 1574 divites
646 1509 720 1572 snnf
737 1504 774 1571 in
795 1503 851 1570 boc
871 1503 1003 1584 mendo,
1020 1506 1169 1587 presepe
1221 1505 1364 1569 tineent:
1388 1505 1445 1571 sed
1467 1505 1567 1570 etiam
1593 1504 1670 1588 qnia
1691 1504 1774 1570 nihil
1796 1504 1863 1570 sint
1883 1504 1949 1570 nisi
1970 1503 2088 1572 fumus.
2133 1506 2196 1572 Ne-

191 1590 1168 1760 ,ttttstftttttstttttttttttt
1221 1593 1495 1757 3111111111
1503 1590 1628 1743 ill?
1645 1588 2196 1761 {ttttcttttglttttlttt

193 1767 324 1832 mane:
368 1765 418 1830 18.
440 1769 477 1829 et
490 1762 691 1845 monent,
712 1767 748 1827 nt
766 1762 878 1827 diuites
891 1762 955 1827 sint
975 1761 1009 1827 in
1024 1762 1169 1842 operibus
1220 1761 1364 1827 liberalis
1385 1763 1431 1829 sit
1452 1781 1531 1846 erga
1553 1726 1728 1846 nos'Dens,
1750 1766 1816 1829 imo
1831 1726 1910 1847 erg’e
1925 1764 2096 1830 universos
2111 1783 2196 1830 mor·

194 1850 295 1934 donn,
320 1850 431 1935 faciles
452 1850 495 1916 ed
515 1848 723 1933 lcrpimdum,
751 1846 878 1913 liberter
899 1848 1166 1933 communicantes,
1220 1849 1312 1928 talea,
1340 1848 1483 1931 adeoque
1506 1848 1603 1914 bruta
1624 1846 1788 1914 animalia.
1832 1848 1920 1914 Nam
1950 1850 2036 1914 ultra
2058 1849 2194 1916 necessi·

195 1936 246 2002 19.
267 1937 462 2003 recondentes
475 1935 540 2000 sibi
559 1935 643 2016 ipsis
660 1933 899 2018 fundumentum
912 1931 1025 1999 bonm
1045 1933 1082 2000 in
1091 1954 1167 2018 pos·
1219 1942 1320 2000 tatem
1343 1933 1441 2017 louge
1470 1934 1599 2018 letoque
1627 1955 1662 2000 se
1685 1933 1841 1999 diffundit
1869 1937 1940 2000 eius
1970 1932 2193 2002 beneficentia.

193 2027 307 2101 teon,
349 2027 385 2088 nt
424 2023 523 2088 ntem
563 2025 721 2087 oemunt
760 2017 1003 2102 apprehendant.
1052 2019 1105 2086 20.
1141 2019 1168 2087 0
1306 2019 1356 2087 18.
1387 2019 1427 2087 Ut
1446 2019 1647 2103 mactant.
1684 2018 1917 2102 Superioribus
1933 2021 2086 2088 remediis
2103 2020 2193 2087 aliud

195 2106 358 2185 asenne,
380 2107 552 2190 deponente
572 2107 703 2190 mnndi,
724 2105 866 2172 devitans
881 2105 1043 2188 profonas
1059 2106 1167 2173 clamo
1219 2106 1315 2172 etiam
1338 2104 1488 2190 adiungit
1509 2105 1550 2170 ad
1572 2125 1693 2189 pravos
1715 2106 1854 2171 divitum
1869 2106 2007 2173 affectus
2029 2108 2194 2192 corrigen-

191 2213 264 2260 nens
284 2194 463 2277 mandem,
484 2192 679 2275 vaniloquia,
699 2196 727 2258 et
747 2192 954 2274 oppositam
965 2191 1049 2273 folco
1068 2193 1169 2259 mmi-
1219 2191 1285 2272 dos,
1319 2191 1396 2258 dum
1430 2193 1620 2274 praescribit
1652 2192 1725 2276 quis
1757 2192 1922 2275 legitimus
1955 2193 2000 2257 sit
2032 2193 2192 2259 bonorum

191 2284 284 2346 natm
314 2281 479 2346 scientim:
520 2279 574 2345 21.
608 2297 703 2360 quens
729 2278 860 2361 qnidam
878 2277 1055 2360 morientes
1082 2279 1167 2345 aber·
1218 2299 1306 2344 usus.
1350 2277 1435 2343 Nam
1465 2297 1530 2361 quo
1560 2279 1697 2363 quisque
1727 2277 1800 2361 plus
1821 2278 1939 2361 opibus
1968 2276 2121 2357 abundat,
2155 2299 2193 2344 co

191 2370 307 2432 rerunt
327 2387 348 2432 o
367 2366 439 2450 fide.
486 2364 602 2432 Gnatia
623 2369 730 2447 mm,
753 2363 865 2430 Arnen
1219 2363 1355 2447 amplior
1376 2363 1425 2430 illi
1447 2365 1681 2431 beneficentiae
1702 2363 1842 2429 materia
1861 2364 2016 2446 suppetit.
2048 2365 2094 2430 Et
2116 2364 2193 2447 quia

1219 2470 1348 2533 semper
1368 2449 1410 2515 ad
1426 2449 1624 2534 erogandum
1643 2451 1801 2534 pigriores
1815 2467 1928 2515 sumus
1950 2468 2048 2532 quem
2064 2449 2190 2516 deceat:

279 2537 330 2603 lt.
352 2537 413 2616 Iis,
436 2536 624 2638 qnidioites
644 2539 726 2602 snnt.
771 2533 960 2602 Verisimile
982 2538 1042 2635 est,
1063 2555 1165 2635 quum
1218 2535 1366 2620 pluribus
1400 2537 1508 2636 verbis
1538 2555 1610 2602 eam
1643 2537 1805 2635 virtutem·
1830 2535 2047 2636 commendat.
2090 2534 2193 2600 Addit

191 2622 780 2794 tltetttttltllttt)‘tlt
797 2621 1166 2791 ‘tttmtttlttst
1217 2620 1829 2793 tltttftttt”ttttttttttlt
1847 2621 2193 2773 tttttt‘tnitt

191 2793 316 2876 Ephesi
371 2796 555 2860 otiecimum
588 2795 622 2859 in
656 2792 736 2859 urbe
769 2792 926 2875 opulenta
957 2813 1022 2858 usu
1055 2795 1166 2859 venire
1218 2813 1351 2859 esurum
1382 2795 1416 2858 iu
1443 2793 1533 2859 coelo
1563 2803 1761 2877 comparent,
1791 2813 1889 2876 quam
1918 2791 2039 2858 habere
2068 2792 2193 2876 possint

191 2880 316 2961 potuit:
339 2816 405 2948 illic
426 2880 515 2946 euim
532 2879 769 2963 utplurimum
792 2880 897 2961 magis
914 2887 1032 2964 regnat
1054 2879 1165 2944 laetus.
1217 2879 1252 2944 in
1278 2889 1377 2945 terre.
1421 2878 1707 2945 Fundamenti
1736 2879 1868 2943 nomine
1895 2877 2045 2945 stabilem
2076 2888 2108 2943 et
2136 2880 2191 2944 fir·

190 2964 301 3048 Atque
323 2965 400 3033 binc
428 2965 610 3050 colligimus
632 2984 730 3048 quam
764 2963 944 3049 periculosa
966 2984 1019 3030 res
1039 2964 1081 3030 sit
1111 2965 1164 3031 bo·
1217 2985 1305 3031 mam
1329 2965 1533 3031 durationem
1555 2966 1727 3050 significat.
1760 2964 1875 3048 Neque
1897 2966 1984 3030 euim
2008 2965 2114 3043 tineis,
2137 2973 2193 3029 aut

190 3071 305 3116 norum
326 3052 504 3118 affluentia.
548 3051 663 3134 Neque
691 3048 779 3115 euim
802 3051 924 3115 frustra
945 3049 1069 3116 Paulus
1098 3059 1164 3117 tam
1218 3050 1352 3129 furibus,
1382 3060 1439 3116 aut
1465 3051 1625 3118 incendiis
1645 3050 1804 3116 obnoxiae
1832 3058 1910 3116 suut
1940 3049 2072 3116 divitiae
2097 3049 2192 3132 spiri·

190 3155 305 3203 severa
333 3138 558 3205 admonitione
586 3135 797 3222 peculiariter
824 3135 944 3202 divites
971 3136 1164 3220 compellet:
1217 3136 1323 3203 tuales
1345 3157 1424 3222 quas
1442 3136 1536 3203 uobis
1556 3138 1592 3203 in
1607 3137 1696 3204 coelo
1718 3135 1939 3203 recondimus:
1962 3134 2020 3201 sed
2036 3145 2192 3219 perpetuo

190 3222 248 3289 sed
278 3223 368 3293 vitiis
394 3223 551 3304 medetur,
583 3242 666 3306 quae
695 3234 853 3308 perpetuo
882 3222 951 3289 fere
979 3231 1165 3304 sequuntur
1218 3233 1353 3289 manent
1375 3233 1470 3290 extra
1491 3223 1671 3307 periculum
1693 3223 1898 3288 constitutae.
1935 3220 2059 3287 Contra
2081 3234 2191 3288 autem

190 3306 333 3392 divitias,
361 3330 426 3376 non
449 3328 545 3376 scens
566 3322 666 3393 atquo
690 3310 808 3374 umbra
829 3326 963 3391 corpus:
992 3308 1091 3392 idque
1112 3307 1164 3372 in·
1218 3309 1301 3375 nihil
1323 3310 1358 3374 in
1388 3318 1477 3375 terra
1498 3329 1577 3376 vere
1598 3309 1769 3376 fundatum
1793 3315 1853 3390 est,
1879 3306 1936 3373 sed
1959 3307 2069 3373 omnia
2090 3306 2192 3391 qucd·

189 3396 279 3480 genii
310 3395 414 3463 nostri
436 3394 609 3479 pravitate,
637 3394 693 3478 qui
722 3413 763 3460 ex
794 3392 859 3459 Dei
889 3393 983 3460 donis
1011 3392 1165 3478 peccandi
1216 3394 1367 3462 ammodo
1392 3395 1563 3462 fluctuent.
1606 3396 1712 3462 Porro
1741 3392 1827 3477 qnod
1853 3392 1930 3460 inde
1959 3393 2105 3460 inferunt
2134 3414 2192 3477 pa·

187 3483 359 3547 materiam
382 3501 513 3565 semper
530 3480 715 3564 arripimus.
752 3478 828 3546 Duo
843 3490 952 3546 autem
968 3479 1164 3546 nominatim
1216 3482 1336 3565 pistae,
1369 3501 1429 3547 ncs
1456 3482 1559 3566 igitur
1587 3481 1680 3548 bouis
1709 3479 1862 3564 operibus
1891 3479 1994 3547 vitam
2023 3485 2191 3546 aeternam

187 3565 294 3650 pouit,
328 3587 411 3649 quae
433 3566 572 3633 debeant
605 3586 721 3633 cavere
753 3565 881 3645 divites,
914 3567 1099 3648 superbiam
1133 3575 1166 3631 et
1216 3569 1403 3651 promereri,
1426 3568 1525 3633 nimis
1548 3568 1703 3633 frivolum
1725 3576 1784 3633 eat.
1816 3566 1997 3648 Acceptum
2019 3567 2193 3632 nertstert

186 3669 280 3735 spem
302 3649 468 3718 fallacem:
492 3671 631 3735 quornm
646 3652 739 3736 prius
753 3672 794 3717 ex
810 3652 989 3734 posteriore
1004 3653 1165 3719 nascitur:
1216 3651 1309 3719 Deus
1341 3653 1500 3736 quidquid
1532 3654 1731 3738 pauperibus
1762 3653 1947 3734 impensum
1985 3651 2102 3717 fueritt
2134 3649 2191 3717 sed

188 3746 223 3802 et
244 3737 318 3802 ideo
340 3736 469 3802 videtur
497 3736 639 3803 meando
661 3735 731 3803 loco
752 3736 908 3817 additum,
941 3758 1045 3806 neve
1072 3759 1166 3823 spe·
1216 3739 1293 3823 quie
1314 3740 1371 3805 vix
1394 3739 1573 3806 centesima
1594 3760 1637 3806 ex
1658 3749 1752 3822 perte
1773 3738 1879 3803 officio
1904 3757 1964 3803 suo
1986 3737 2192 3804 satisfaciunt

190 3831 303 3902 rent,
325 3827 401 3889 etc.
424 3832 460 3887 ut
477 3823 599 3888 iontem
621 3824 728 3889 omnis
743 3822 913 3904 superbiae
935 3832 1065 3890 notaret
1079 3824 1166 3889 Pan·
1217 3830 1314 3893 etiam
1341 3825 1584 3910 perfectissimi,
1617 3824 1754 3910 indigna
1783 3833 1834 3890 est
1862 3832 1976 3889 nostra
2005 3822 2192 3908 benignitas

191 3907 257 3975 lus.
299 3908 396 3977 Unde
418 3909 505 3974 euim
535 3909 574 3974 fit
595 3917 633 3973 ut
653 3907 848 3975 insolescant
870 3908 997 3991 divites,
1026 3918 1061 3974 et
1085 3909 1166 3976 alios
1216 3930 1301 3994 quae
1322 3912 1356 3976 in
1374 3912 1532 3977 retiomm
1555 3931 1614 3995 per
1635 3931 1671 3977 se
1692 3931 1800 3977 eorem
1817 3909 1888 3975 Deo
1911 3910 2032 3976 veniat.
2068 3907 2192 3974 Imosi

189 3993 396 4079 despiciendo
424 3994 486 4060 eibi
508 3993 644 4060 nimium
679 3993 837 4076 placeant,
870 3994 934 4060 nisi
956 3995 1031 4077 quia
1053 3993 1166 4060 beatos
1217 3995 1258 4063 ad
1280 3997 1440 4063 calculum
1471 4017 1530 4064 uos
1557 4005 1688 4063 vocaret
1709 3995 1811 4072 Deus,
1840 4015 1935 4062 nemo
1958 3996 2022 4061 erit
2050 3995 2104 4077 qui
2125 4014 2192 4059 nou

189 4101 225 4148 ae
246 4101 319 4147 esse
340 4078 587 4166 imaginantur?
630 4079 803 4146 Praecedit
831 4080 931 4164 igitur
952 4080 1061 4146 inanis
1084 4079 1164 4145 fidu·
1216 4081 1399 4148 conturbet.
1442 4082 1535 4148 Adeo
1560 4082 1659 4167 longe
1680 4080 1838 4148 absumus
1859 4101 1880 4147 e
1902 4081 1999 4165 plena
2020 4080 2190 4147 solutione.

188 4167 248 4246 eia,
278 4166 395 4233 deiude
417 4166 516 4232 elatio
549 4166 706 4250 sequitur.
750 4164 844 4232 Haeo
874 4166 954 4232 vitia
983 4166 1061 4232 dnm
1092 4165 1165 4232 vult
1216 4167 1283 4234 Sed
1317 4176 1487 4253 postquem
1520 4190 1579 4235 nos
1609 4167 1753 4254 gratuito
1786 4167 1849 4233 sibi
1878 4166 2063 4235 conciliavit
2088 4165 2191 4248 Deus,

187 4249 313 4319 Paulus
340 4254 521 4338 corrigere,
554 4253 696 4335 primum
725 4252 937 4335 contemptim
971 4251 1012 4317 de
1040 4251 1165 4318 divitiis
1215 4255 1322 4320 officie
1341 4266 1464 4332 nostre,
1486 4255 1726 4338 qualiacunque
1752 4255 1828 4328 sint.
1859 4255 1906 4319 sio
1928 4262 2061 4336 accepta
2082 4251 2190 4329 habet,

188 4336 342 4421 loquitur.
380 4337 466 4403 Nam
488 4338 657 4421 particule,
679 4338 720 4404 in
742 4337 818 4404 hoc
839 4337 1025 4418 saeculo,
1044 4336 1088 4402 ad
1108 4360 1164 4404 ex·
1215 4349 1253 4406 ut
1274 4339 1420 4406 indebita
1436 4340 1586 4407 mercede
1607 4339 1769 4424 dignetur.
1806 4338 1949 4404 Proinde
1971 4337 2191 4404 remuneratio

188 4423 411 4489 tenuatiouem
433 4423 548 4490 tendit.
588 4422 756 4506 Quidquid
778 4424 866 4488 enim
889 4445 930 4489 ex
953 4424 1082 4491 cumulo
1104 4433 1162 4506 est,
1215 4447 1280 4492 nou
1303 4447 1346 4491 ex
1373 4427 1483 4492 meriti
1514 4427 1639 4492 ratione
1669 4423 1797 4508 pendet,
1825 4424 1881 4490 sed
1914 4446 1956 4490 ex
1978 4424 2104 4491 liberali
2125 4422 2191 4490 Dei

188 4509 258 4574 eius
280 4518 430 4575 naturam
453 4509 583 4593 resipit:
606 4524 641 4575 ut
663 4509 787 4576 scilicet
807 4509 936 4574 fluxum
958 4510 1011 4594 sit,
1038 4530 1076 4576 ec
1097 4511 1162 4577 cito
1214 4513 1415 4596 acceptioue:
1439 4513 1583 4597 adeoque
1605 4511 1680 4577 fidei
1700 4510 1847 4577 iustitiae
1868 4531 1934 4575 non
1957 4518 2129 4595 repugnat,
2151 4518 2187 4575 nt

187 4604 380 4679 praetereat.
415 4595 505 4679 Spei,
527 4615 611 4678 quae
631 4597 666 4660 iu
689 4595 815 4662 divitiis
837 4594 974 4679 locatur,
999 4594 1162 4663 fallaciam
1213 4599 1350 4665 eius-sit
1371 4600 1463 4681 qnasi
1485 4598 1658 4682 appendix.

187 4690 221 4746 et
243 4682 422 4747 sanitatem
455 4702 497 4747 ex
518 4699 558 4746 ec
580 4679 732 4763 ostendit,
760 4680 844 4763 quod
867 4702 980 4746 earum
1002 4683 1163 4764 possessio
1298 4683 1350 4750 20.
1388 4682 1602 4750 OTimotbee.
1646 4682 1790 4749 Tametsi
1812 4681 1902 4748 varie
1923 4688 2093 4764 exponunt
2122 4678 2187 4744 ds·

186 4775 255 4832 tam
277 4779 327 4833 est
347 4766 496 4848 evanida,
518 4775 557 4832 ut
576 4766 692 4834 similis
713 4768 756 4833 sit
778 4768 825 4832 roi
847 4768 1042 4852 incognitae.
1076 4767 1162 4833 Nam
1212 4770 1336 4851 positi
1365 4790 1498 4848 nomen,
1529 4791 1589 4854 ego
1611 4768 1862 4852 simpliciterne
1885 4769 1990 4833 notari
2013 4778 2090 4851 puto
2112 4784 2188 4849 gra·

188 4850 268 4918 dum
300 4873 357 4918 ees
391 4863 502 4919 tenere
532 4864 603 4920 nos=
621 4863 784 4936 putamus,
817 4853 958 4919 effluunt
986 4864 1177 4919 momento„
1212 4856 1301 4934 tiam,
1323 4875 1389 4937 qua
1410 4857 1671 4922 instructuserut
1687 4854 1879 4920 Timotheus
1897 4855 1938 4918 ad
1957 4871 2187 4919 mnnnssuum

187 4936 295 5020 Quam
317 4938 420 5023 igitur
441 4937 580 5006 stultum
603 4949 653 5004 est
674 4958 764 5023 spem
786 4937 910 5004 inillis
932 4937 1060 5089 lipare?
1211 4939 1464 5024 exsequendum.
1502 4941 1626 5006 Eadem
1642 4961 1721 5007 vero
1739 4941 1864 5006 ratione
1883 4938 2067 5024 depositum
2086 4937 2188 5002 nomi·

274 5023 336 5091 ece
356 5025 393 5089 in
413 5024 482 5092 Deo
502 5025 582 5090 cicc.
625 5024 690 5107 Qui
713 5025 775 5092 boo
796 5023 930 5103 tenebit,
968 5025 1047 5091 ecile
1070 5046 1160 5108 spem
1210 5037 1308 5092 natur
1337 5047 1402 5111 qua
1430 5035 1464 5093 et
1494 5027 1664 5093 talentum.
1709 5025 1795 5092 Nem
1825 5046 1864 5090 aa
1888 5026 1962 5111 lege
1983 5023 2077 5090 nobis
2098 5043 2185 5089 oom-

185 5109 353 5177 adivitiis
375 5130 467 5176 suam
490 5109 668 5176 abstrahet.
711 5110 797 5177 Nam
818 5113 847 5178 si
870 5111 958 5177 solus
979 5110 1072 5176 Deus
1100 5120 1159 5192 eet,
1209 5114 1314 5178 mittit
1342 5111 1501 5196 quidquid
1532 5113 1691 5179 donorum
1718 5113 1755 5178 iu
1783 5133 1844 5178 nos
1872 5112 1998 5180 confert
2019 5109 2119 5188 Deus,
2149 5115 2186 5174 ut

187 5196 243 5280 qni
264 5198 358 5263 nobie
389 5196 429 5262 ad
452 5197 651 5263 necessarios
681 5196 874 5284 vitae,usus
904 5198 1015 5264 omnia
1043 5217 1160 5281 suppe-
1209 5198 1377 5266 reddenda
1401 5201 1448 5266 sit
1476 5198 1553 5267 olim
1584 5199 1678 5278 ratic,
1706 5199 1737 5266 si
1764 5207 1876 5265 nostra
1897 5197 2032 5282 ignavia
2052 5193 2186 5280 perierit

187 5283 281 5366 ditat,
311 5283 510 5351 transfertur
537 5283 608 5350 eius
628 5282 771 5350 ulfinum
799 5282 840 5349 ad
862 5283 1004 5364 divitias,
1033 5284 1063 5378 si
1083 5305 1159 5370 epea
1210 5285 1348 5386 utilitas,¹
1379 5306 1462 5373 qnae
1496 5286 1575 5353 inde
1606 5286 1781 5371 provenire
1813 5284 1978 5352 debuerat.
2021 5280 2186 5349 Admonet
