4740 6016
174 349 240 417 175
857 345 1001 414 EPIS'P.
1023 343 1166 414 PAULI
1188 344 1252 410 AD
1275 342 1504 412 EPHMSIOS
2109 344 2176 411 176

174 541 435 626 amplectamur?
473 541 539 606 Sed
563 539 704 605 notanda
727 539 925 605 fundationis
948 539 1047 604 ratio:
1070 558 1146 604 uam
1198 558 1295 621 quam
1335 546 1461 620 partem
1505 536 1643 604 aedificii
1688 540 1902 624 restringere,
1942 558 2043 621 quum
2083 538 2174 617 dicit,

179 629 307 713 proprie
342 631 472 694 unicum
511 626 757 691 tundamentum
792 635 841 691 est
873 625 1034 700 Christus,
1072 624 1148 707 quia
1198 631 1332 689 totum
1363 625 1402 687 in
1426 624 1515 706 ipsc
1536 628 1839 708 coagmentari.
1883 624 2031 706 Quodsi
2055 644 2172 690 verum

180 733 267 780 uuus
289 724 390 779 totam
413 713 578 780 eeclesiam
602 711 749 790 sustinet,
773 732 857 775 unus
872 717 923 776 est
945 711 1019 776 fidei
1034 708 1149 793 regula
1198 717 1263 784 est,
1293 708 1347 773 ubi
1378 708 1441 774 erit
1465 709 1607 774 Petrus?
1651 710 1739 790 Quin
1773 711 1872 777 etiam
1903 710 1944 775 ad
1968 709 2173 787 Corinthios.

177 813 212 867 et
233 819 394 865 mensura.
439 798 505 864 Sed
534 797 569 860 in
592 796 724 861 Christo
751 797 906 862 tundatur
934 794 1070 862 ecclesia
1092 815 1149 877 per
1199 793 1276 859 dum
1302 793 1552 859 fundamentum
1579 803 1684 876 vocat,
1714 816 1778 861 uon
1807 795 1973 880 iutelligit,
2003 798 2037 860 iu
2063 817 2101 862 eo
2123 797 2174 861 in·

179 887 343 952 doctrinae
366 882 646 968 praedicationem.
684 881 780 947 Unde
802 882 979 965 prophetae
1000 893 1033 945 et
1056 900 1147 963 apos·
1199 879 1308 945 ohoari
1331 880 1509 958 ecclesiam,
1532 881 1566 943 in
1590 880 1663 946 aliia
1686 882 1806 963 perfici.
1844 881 1912 948 Sed
1934 882 2011 965 quia
2032 881 2172 947 aliorum

179 972 236 1036 toli
260 981 415 1039 vocantur
431 968 607 1034 ambitouti.
642 967 783 1032 Perinde
811 989 888 1050 ergo
917 975 968 1031 est
990 989 1028 1031 ac
1049 967 1077 1031 ai
1100 965 1148 1029 di·
1200 966 1415 1030 ministerium
1453 987 1527 1031 oum
1563 986 1622 1031 auo
1656 975 1824 1050 comparat
1854 966 2025 1050 (debueret
2060 978 2173 1032 summ

176 1065 266 1124 ceret
282 1055 415 1134 Paulus,
438 1054 603 1137 prophetis
622 1057 655 1117 et
671 1053 823 1135 apostolis
846 1052 927 1117 nihil
946 1050 1032 1117 aliud
1049 1052 1149 1116 fuisse
1199 1052 1270 1133 ipse
1291 1051 1428 1115 fundare
1453 1051 1621 1117 ecclesiam
1639 1052 1904 1134 Corinthiorum,
1932 1052 2175 1118 successoribus

179 1144 389 1225 propositum,
420 1139 482 1204 nisi
505 1147 539 1204 ut
561 1139 594 1202 in
618 1138 749 1203 Christo
771 1137 938 1204 ecclesiam
963 1136 1147 1202 laudarent.
1200 1136 1376 1221 peragendi
1398 1136 1536 1203 aedilicii
1557 1148 1666 1220 partes
1678 1137 1884 1225 relinquere),
1899 1139 1972 1203 idac
1988 1140 2075 1203 hauc
2089 1138 2175 1203 diri·

179 1229 252 1292 Hoc
285 1247 397 1291 verum
431 1244 501 1290 esse
532 1223 780 1306 comperiemus,
815 1224 842 1288 si
876 1224 1005 1288 initium
1039 1223 1096 1286 fiat
1128 1241 1149 1284 a
1200 1223 1323 1288 sionem
1368 1223 1468 1303 ponit.
1522 1222 1693 1304 Quantum
1734 1223 1773 1287 ad
1818 1233 2025 1306 praesentem
2065 1223 2174 1289 locum

180 1315 281 1378 Mose.
342 1310 424 1375 Nam
459 1311 528 1392 ipse
557 1308 710 1375 Christus
744 1318 793 1374 est
825 1310 899 1374 finis
932 1309 1028 1392 legis:
1062 1307 1148 1370 idem
1200 1317 1334 1390 spectat,
1352 1307 1454 1380 docet.
1476 1330 1599 1390 omnes,
1622 1311 1769 1392 quisunt
1790 1312 1823 1374 in
1843 1309 1975 1375 Christo
1998 1329 2175 1392 coagmen·

179 1394 341 1481 evangelii
373 1416 511 1460 summa.
567 1394 814 1460 Meminerimus
846 1414 933 1478 ergo,
973 1414 1037 1458 non
1071 1392 1148 1457 alibi
1200 1394 1270 1475 tati,
1298 1415 1369 1459 eeee
1393 1391 1455 1457 Dei
1479 1395 1644 1477 templum.
1689 1393 1839 1459 Primum
1867 1395 2049 1478 requiritur
2077 1414 2176 1477 ooap·

178 1481 447 1566 acquiescendum
470 1481 561 1546 uobis
586 1502 664 1557 esee,
696 1481 724 1545 ei
752 1480 891 1546 velimus
919 1480 1007 1544 iuter
1037 1477 1149 1543 fideles
1201 1481 1289 1557 tatic,
1313 1492 1348 1543 ut
1370 1501 1405 1544 ee
1427 1480 1567 1545 invicem
1591 1479 1847 1562 complectantur
1864 1480 1986 1558 fideles,
2008 1494 2041 1544 et
2063 1501 2099 1547 se
2120 1479 2176 1544 alii

179 1570 318 1636 censeri:
342 1568 369 1632 si
389 1568 423 1630 in
446 1566 616 1648 scripturis
631 1567 732 1631 sacris
752 1565 890 1631 velimus
906 1566 966 1629 rito
981 1563 1150 1647 proficere,
1200 1565 1272 1630 aliis
1301 1577 1413 1629 mutua
1446 1567 1737 1631 communicatione
1766 1567 2024 1631 accommodent:
2051 1566 2175 1649 alioqui

179 1655 219 1720 ad
249 1674 324 1718 eum
348 1651 517 1736 dirigenda
546 1672 616 1716 esee
645 1653 764 1715 omnia.
808 1650 967 1716 Similiter
996 1649 1148 1714 admone·
1199 1670 1266 1715 uon
1290 1650 1471 1715 aedificium
1494 1662 1586 1728 esset,
1608 1651 1664 1715 sed
1683 1652 1820 1717 confusa
1842 1650 1953 1717 moles.
1991 1649 2059 1716 Sed
2081 1670 2179 1735 prae·

178 1761 252 1803 mur
280 1737 333 1804 ubi
360 1737 580 1820 quaerendum
610 1737 654 1802 sit
683 1737 816 1802 verbum
847 1734 928 1800 Dei:
958 1736 1045 1817 apud
1073 1754 1148 1817 pro·
1200 1736 1296 1819 cipue
1327 1738 1517 1819 symmetria
1548 1738 1584 1800 in
1613 1735 1688 1801 fidei
1717 1736 1841 1800 unitate
1868 1737 2032 1817 consistit,
2055 1736 2174 1801 deiude

179 1827 295 1905 phetas
328 1823 451 1889 scilicet
483 1834 516 1886 et
549 1821 720 1905 apostolos.
775 1822 884 1904 Atque
916 1829 954 1884 ut
987 1820 1148 1886 discamus
1200 1823 1349 1903 sequitur
1385 1823 1565 1903 proiectus,
1600 1821 1651 1886 vel
1687 1823 1932 1889 incrementum.
1978 1821 2176 1905 Quicunque
2275 1824 2278 1829 ’

178 1934 231 1977 eos
254 1913 339 1975 iuter
367 1930 402 1975 se
428 1911 635 1990 coniungere,
669 1907 850 1971 ostenditur
880 1908 965 1970 intor
995 1914 1148 1986 utrosque
1201 1931 1265 1974 nou
1294 1909 1340 1971 ita
1373 1919 1450 1972 sunt
1479 1907 1542 1972 fide
1572 1920 1605 1971 et
1633 1908 1770 1973 caritate
1800 1909 1892 1985 uniti,
1924 1916 1959 1973 ut
1981 1909 2017 1973 in
2039 1907 2178 1975 Christo

180 2015 371 2064 cousensus:
406 1994 491 2078 quod
523 1993 663 2058 habeant
692 2012 862 2057 commune
891 1992 1148 2072 fundumentum,
1202 1994 1381 2077 proficiant,
1404 1993 1572 2075 profanam
1588 1993 1709 2058 habent
1730 1993 1999 2071 aedificationem,
2022 1996 2072 2060 cui
2092 1992 2180 2059 nihil

180 2093 213 2146 ot
234 2081 452 2147 communiter
478 2080 512 2142 in
536 2079 731 2144 exstruendo
755 2079 817 2142 Dei
841 2077 962 2160 templo
989 2077 1147 2141 laborent.
1201 2089 1252 2145 est
1273 2100 1347 2145 oum
1371 2078 1490 2160 templo
1511 2078 1573 2143 Dei
1596 2099 1776 2144 commune.

180 2167 294 2249 Neque
315 2167 403 2230 enim
425 2164 497 2229 ideo
520 2184 719 2246 supervacua
737 2162 970 2245 prophetarum
993 2163 1149 2239 doctriua,
1287 2165 1340 2228 21.
1375 2162 1489 2230 Crescit
1510 2165 1544 2229 in
1567 2166 1724 2249 tempium,
1744 2171 1795 2231 ete.
1825 2163 1913 2229 Alibi
1935 2163 1980 2249 (2.
1996 2163 2071 2230 (lor.
2087 2163 2179 2251 6,16)

180 2251 266 2335 quod
289 2251 435 2316 doctores
456 2248 613 2314 habemus
636 2248 817 2331 apostolos:
850 2247 906 2312 sed
929 2269 1029 2313 uuum
1053 2260 1150 2329 atque
1202 2250 1324 2336 singuli
1346 2249 1457 2314 fideles
1480 2260 1642 2315 vocantur
1665 2251 1802 2333 templa:
1832 2249 1884 2315 hic
1907 2261 2014 2314 autem
2043 2272 2083 2315 ex
2107 2271 2178 2317 om·

180 2339 265 2403 idem
289 2349 391 2419 egunt
410 2336 547 2417 utrique.
585 2335 656 2399 Hoc
672 2333 842 2413 ideodioo‚
864 2334 949 2417 quod
968 2335 1054 2400 siout
1073 2334 1150 2398 olim
1203 2338 1298 2402 nibus
1331 2335 1409 2400 dicit
1442 2348 1589 2400 constare
1623 2336 1779 2418 templum
1809 2337 1879 2401 Dei.
1926 2337 2111 2419 Utrumque
2144 2344 2180 2400 et

180 2423 394 2488 Marcionitae
422 2421 596 2504 prophetas
626 2440 668 2485 ex
697 2421 858 2502 praesenti
888 2421 956 2485 loco
985 2440 1151 2503 expunxe-
1203 2444 1280 2488 vere
1312 2433 1346 2487 et
1373 2423 1519 2503 apposite
1551 2421 1679 2487 dicitur.
1724 2422 1809 2487 Nam
1839 2424 1886 2486 ita
1914 2423 1950 2486 iu
1981 2440 2178 2504 unoquoque

181 2518 267 2574 rant:
301 2509 348 2572 ita
373 2507 467 2573 hodie
489 2507 618 2571 fanatici
641 2506 776 2588 spiritus
801 2506 1005 2571 Marcionitis
1030 2504 1151 2570 similes
1204 2514 1352 2574 nostrum
1371 2507 1462 2572 Deus
1491 2507 1631 2590 habitat,
1662 2517 1699 2572 ut
1717 2508 1794 2570 velit
1828 2528 1887 2572 uos
1919 2528 2031 2572 omues
2063 2516 2179 2573 sancta

179 2597 285 2679 legem
318 2604 351 2660 et
381 2592 557 2677 prophatae
584 2592 666 2655 nihil
690 2591 730 2656 ad
759 2613 816 2657 nos
845 2593 1009 2675 pertinere
1037 2591 1148 2657 clami·
1203 2596 1328 2660 unitate
1343 2593 1441 2658 simul
1457 2593 1634 2675 complecti,
1652 2604 1686 2659 et
1701 2593 1761 2657 hoo
1776 2591 1870 2658 modo
1885 2613 1987 2657 unum
2003 2614 2045 2658 ex
2062 2591 2178 2658 multis

179 2691 260 2759 tant,
293 2679 378 2762 quod
403 2676 611 2761 evangelium
640 2678 739 2742 finem
768 2680 918 2742 omnibus
951 2677 1150 2758 imposuerit.
1204 2681 1341 2744 efficere.
1374 2679 1461 2762 Ergo
1481 2681 1536 2759 qui
1560 2700 1704 2745 seorsum
1723 2679 1879 2761 templum
1895 2686 1955 2755 est,
1976 2677 2049 2743 aliis
2064 2699 2181 2761 aggre-

182 2767 281 2849 Atqui
303 2766 438 2848 spiritus
459 2772 591 2828 sanctus
620 2763 738 2845 ubique
760 2783 795 2829 se
817 2763 865 2828 ita
886 2761 1058 2845 loquutum
1081 2781 1151 2826 cese
1203 2775 1299 2849 gatus
1331 2766 1370 2829 fit
1399 2764 1481 2845 lapis
1511 2765 1633 2848 templi.
1690 2763 1787 2845 Quod
1819 2765 1859 2827 ad
1889 2763 2179 2830 commendandam

183 2872 240 2935 per
268 2872 304 2916 os
329 2849 560 2934 prophetarum
590 2854 738 2926 testatur,
770 2856 806 2912 ut
840 2848 920 2913 velit
952 2848 987 2911 in
1021 2847 1150 2911 illorum
1204 2852 1363 2916 unitatem
1388 2851 1517 2915 dicitur.

181 2937 312 3019 scriptis
349 2935 464 3000 audiri.
519 2934 628 3016 Atque
661 2934 723 2999 hoo
759 2933 799 2997 ad
832 2933 1039 2999 asserendam
1076 2930 1151 2997 fidei
1290 2935 1342 3000 22.
1376 2937 1420 3000 In
1441 2956 1501 3018 quo
1529 2942 1557 3001 et
1583 2956 1639 3001 uos
1664 2935 1919 3008 moedideomini.
1959 2936 2088 3002 Graeca
2114 2944 2182 3002 ter·

182 3032 314 3087 nostrae
334 3021 542 3087 autoritatem
561 3040 625 3086 nou
644 3039 757 3102 parum
776 3018 869 3084 facit:
892 3018 978 3102 qued
994 3018 1151 3096 videmus,
1206 3022 1339 3086 minatio
1361 3021 1514 3104 ambigua
1536 3022 1701 3088 cst-sicuti
1724 3023 1837 3087 latina.
1877 3021 1963 3087 Nam
1986 3022 2183 3104 imperativo

183 3128 295 3174 omnes
325 3107 389 3171 Dei
417 3127 529 3172 servos
563 3108 603 3170 ab
634 3106 727 3170 initio
752 3104 793 3168 ad
822 3107 921 3171 tinem
949 3125 1051 3188 usque
1085 3111 1151 3167 tam
1205 3107 1301 3172 modo
1324 3120 1356 3171 et
1379 3107 1554 3173 indicativo
1571 3127 1732 3190 peraeque
1753 3109 1920 3173 convenit:
1950 3117 1983 3172 et
2006 3121 2183 3191 utrumque

181 3196 264 3260 bene
286 3194 347 3259 sibi
370 3198 528 3271 constare,
550 3203 588 3257 ut
605 3191 799 3275 symphonia
820 3191 891 3273 ipsa
912 3190 999 3257 clare
1021 3191 1153 3255 demon·
1205 3203 1380 3260 contextus
1402 3194 1556 3257 admittit.
1599 3193 1684 3257 Mihi
1708 3204 1817 3258 tamen
1838 3195 2052 3276 imperativus
2075 3194 2182 3278 magis

183 3291 274 3359 stret,
304 3277 411 3346 Deum
442 3298 543 3343 unum
573 3298 652 3355 esse,
675 3279 737 3360 'qui
767 3277 802 3341 in
825 3277 974 3343 omnibus
1000 3276 1151 3360 loquitur·
1204 3280 1320 3362 placet.
1367 3279 1528 3361 Ephesios
1552 3281 1656 3355 enim,
1686 3300 1757 3344 meo
1784 3280 1915 3356 iudicio,
1950 3280 2112 3363 hortatur,
2143 3291 2182 3344 ut

183 3364 325 3430 Proinde
360 3364 526 3448 religionis
563 3372 691 3428 nostrae
727 3362 898 3428 exordium
935 3386 955 3428 a
991 3363 1152 3428 creatione
1205 3375 1354 3432 crescant
1383 3367 1416 3428 in
1443 3365 1507 3429 fide
1528 3364 1654 3431 Ohristi
1675 3366 1781 3449 magis
1810 3385 1848 3429 ao
1866 3366 1980 3451 magis,
2006 3372 2181 3448 postquam

182 3452 295 3516 muudi
329 3450 505 3533 petendum
539 3460 598 3514 est.
642 3448 715 3528 Quo
748 3450 786 3513 fit
818 3459 855 3513 ut
888 3449 927 3514 de
960 3448 1153 3529 antiquitate
1206 3453 1240 3515 in
1270 3473 1308 3516 ea
1337 3450 1435 3515 semel
1467 3441 1599 3515 subant
1627 3451 1772 3515 fundati:
1806 3456 1896 3532 atquc
1927 3453 1974 3516 ito
2001 3471 2085 3533 pars
2116 3452 2183 3518 sint

183 3540 308 3600 trustra
331 3535 511 3618 glorientur
538 3543 605 3598 tam
629 3535 774 3617 papistae
797 3555 894 3617 quam
916 3536 1051 3613 Torone,
1082 3531 1152 3596 alii·
1204 3537 1276 3603 novi
1308 3537 1430 3618 tempti,
1460 3536 1544 3618 quod
1565 3542 1636 3601 tune
1657 3535 1725 3601 Deo
1749 3538 1874 3620 possim
1902 3558 1960 3618 per
1987 3537 2183 3620 enanpelium

182 3644 244 3705 que
265 3641 379 3686 omnes
400 3620 548 3685 sectarii:
571 3620 625 3703 qui
648 3619 732 3684 nihil
753 3631 831 3686 sunt
852 3641 951 3704 quam
974 3639 1072 3686 verae
1094 3639 1152 3703 pu·
1204 3623 1240 3687 in
1254 3627 1314 3688 toto
1328 3622 1442 3687 marulo
1456 3621 1680 3687 exstruebatur.
1710 3622 1838 3687 Nomen
1861 3625 2040 3705 spiritus
2058 3624 2182 3688 iterum

182 3727 303 3789 raeque
325 3705 491 3789 religionis
513 3706 623 3789 spurii.
1205 3709 1324 3790 repetit
1364 3707 1484 3790 duplici
1518 3707 1558 3771 de
1587 3728 1692 3773 causa.
1748 3709 1897 3774 Primum
1929 3720 1965 3773 ut
1994 3708 2181 3789 admoneat,

268 3792 370 3874 Lupis
387 3811 529 3858 summus
543 3791 715 3875 eupatoria.
737 3792 827 3857 Adeo
843 3798 921 3857 sunt
936 3790 1152 3873 impudentes,
1205 3792 1287 3857 nihil
1312 3794 1419 3859 valere
1441 3793 1602 3859 humanas
1629 3814 1740 3859 omnes
1763 3796 1921 3873 virtutes,
1950 3794 2013 3860 uisi
2041 3794 2181 3875 spiritus

183 3879 239 3960 qui
261 3877 323 3944 hoo
345 3878 477 3944 honoris
500 3879 701 3944 transierunt
722 3878 762 3942 ad
778 3877 924 3960 Petrum,
947 3882 984 3941 ut
1005 3885 1153 3943 asserant
1204 3878 1268 3944 Dei
1283 3890 1444 3963 operetur.
1474 3878 1603 3944 Deinde
1618 3891 1655 3945 ut
1669 3881 1870 3963 spiritualem
1887 3880 2017 3946 modum
2034 3879 2181 3947 externis

183 3963 351 4030 fundatam
386 3965 419 4028 iu
452 3985 489 4029 eo
519 3964 619 4030 luisse
651 3962 837 4041 ecclesiam,
872 3972 907 4028 ut
935 3963 995 4027 hoo
1025 3982 1152 4046 quoque
1205 3963 1355 4031 omnihus
1377 3973 1411 4030 et
1427 3964 1569 4031 Iudaicis
1589 3964 1705 4032 modiis
1726 3976 1876 4050 opponat.

183 4051 368 4116 testimonio
405 4051 581 4115 abutantur
616 4050 650 4112 iu
688 4060 894 4133 praetextum
931 4049 1050 4114 erroris
1083 4049 1151 4113 sui:

184 4137 259 4219 quia
280 4137 443 4202 obiectant
465 4135 633 4201 Christum
657 4135 766 4199 vocari
795 4136 987 4218 primarium
1010 4134 1150 4214 lapidem

184 4222 320 4285 aliorum
339 4234 504 4305 respectu:
526 4222 662 4302 ideoque
678 4220 786 4303 plures
809 4243 878 4286 esse
896 4219 1020 4303 lapidee
1035 4220 1152 4302 quibus
1176 4231 1180 4300 Ι
1550 4224 1732 4306 CAPUT
1754 4225 1830 4305 ΠΙ,

185 4305 337 4371 fulciatur
367 4307 512 4374 ecclesia.
556 4305 623 4372 Sed
656 4304 757 4372 facilis
790 4315 841 4372 est
870 4306 997 4371 solutio.
1043 4306 1153 4370 Variis

184 4393 271 4456 euim
294 4392 494 4474 metaphoris
524 4402 661 4456 utuntur
683 4392 820 4476 apostoli
843 4413 900 4474 pro
922 4392 1066 4457 locorum
1093 4393 1153 4457 oir-
1291 4393 1320 4457 1.
1354 4392 1463 4458 Huius
1484 4395 1532 4460 rei
1561 4395 1680 4476 pratia,
1708 4415 1761 4478 epo
1790 4394 1923 4479 Paulus,
1953 4395 2076 4462 uinctus
2103 4394 2180 4463 Iesse

184 4479 390 4557 commentia,
424 4480 458 4543 in
495 4477 634 4544 eundem
671 4482 782 4543 tamen
815 4498 958 4543 sensum.
1003 4477 1152 4543 Firmum
1207 4477 1335 4557 Christi,
1351 4499 1414 4560 pro
1432 4479 1520 4545 uobis
1538 4480 1677 4564 pentibus
1695 4480 1995 4566 leputionesunpor:
2015 4481 2047 4546 2.
2065 4482 2181 4564 siqui·

184 4561 264 4628 illud
298 4572 424 4642 manet,
454 4585 519 4629 uon
552 4583 647 4646 posse
675 4563 762 4627 aliud
790 4563 1038 4629 fundamentum
1065 4564 1152 4646 poni.
1205 4564 1274 4630 ἀιιιι
1303 4565 1441 4630 cauma
1471 4567 1733 4647 dispensationem
1763 4569 1885 4650 motion
1905 4568 1978 4646 Dei,
2000 4567 2080 4632 mibi
2101 4589 2180 4653 erpa

184 4649 273 4735 Ergo
295 4649 349 4715 hio
378 4671 444 4715 non
471 4648 644 4734 significat,
680 4649 837 4732 angulum
860 4650 1021 4713 duntaxat
1051 4670 1152 4713 uuum
1204 4670 1257 4716 uos
1278 4651 1387 4716 datae:
1428 4651 1459 4716 3.
1487 4653 1570 4733 quod
1584 4672 1646 4732 per
1666 4652 1878 4719 revelationem
1898 4654 1978 4720 milti
2001 4654 2181 4736 patefecerit

185 4742 241 4800 aut
263 4745 388 4818 partem
411 4736 618 4800 fundamenti
640 4754 710 4800 esse
733 4734 917 4800 Christum:
946 4735 1022 4818 quia
1044 4754 1153 4800 secum
1205 4755 1366 4820 areanum,
1395 4738 1651 4818 quemadmodum
1682 4739 1799 4819 sampsi
1825 4739 1926 4820 poulo
1947 4745 2030 4805 anm:
2074 4740 2107 4804 4.
2136 4740 2179 4806 od

184 4832 356 4905 pugnaret.
400 4820 488 4902 Quid
515 4818 638 4904 igitur?
670 4820 739 4886 vult
769 4822 803 4885 in
830 4841 927 4886 uuam
952 4820 1154 4903 spiritualem
1205 4823 1286 4905 quod
1299 4824 1427 4904 potestis
1448 4824 1633 4890 attendentes
1661 4825 1832 4907 intellipere
1856 4826 2056 4908 capnitionem
2076 4845 2179 4892 meam

183 4914 383 4973 structuram
403 4906 544 4972 ludaeos
566 4920 599 4972 et
620 4917 733 4991 gentes
756 4915 877 4989 aptare.
918 4907 1022 4972 Erant
1045 4915 1153 4971 autem
1205 4909 1240 4973 in
1265 4909 1410 4991 mysterio
1435 4908 1569 4974 Christi:
1611 4909 1641 4974 5.
1672 4910 1754 4993 quod
1786 4911 1863 4976 otiis
1889 4911 2021 4977 suendis
2042 4931 2106 4976 non
2127 4913 2177 4976 ia-

185 4993 277 5075 quaei
308 4993 372 5057 duo
402 4993 541 5075 parietes
563 4991 691 5058 diversi.
736 4992 904 5057 Christum
926 4992 1064 5074 proinde
1087 5011 1153 5056 me·
1206 4995 1305 5058 notuit
1331 4994 1411 5075 filiis
1436 4994 1603 5078 bominum,
1630 4997 1888 5076 quemadnrodum
1907 5016 1989 5062 nunc
2009 4997 2179 5063 revelatum

185 5077 275 5143 dium
308 5079 343 5142 in
371 5078 491 5161 angulo
525 5078 674 5155 collocat,
709 5079 762 5161 qui
796 5088 950 5162 utrosque
982 5079 1153 5144 coadunet.
1206 5085 1250 5144 est
1278 5081 1396 5145 saumis
1420 5081 1568 5161 apostolis
1598 5082 1667 5145 eius
1699 5088 1728 5145 et
1750 5082 1914 5164 prophetis
1937 5103 1996 5163 per
2016 5084 2177 5163 spiritum,

183 5160 277 5229 Haeo
305 5163 388 5229 ratio
417 5175 466 5228 est
488 5164 705 5247 metaphorae.
749 5164 915 5230 Continuo
946 5174 1055 5228 tamen
1084 5175 1155 5248 post
1207 5167 1238 5229 6.
1259 5170 1360 5248 pentes
1383 5186 1447 5230 esse
1466 5165 1654 5248 uehementes,
1684 5172 1958 5250 eteonomporeos,
1980 5172 2180 5236 autumus

184 5247 266 5313 satis
298 5248 440 5316 declarat
473 5270 508 5315 se
530 5249 698 5317 Christum
729 5251 864 5316 minime
898 5248 938 5315 ad
967 5270 1066 5315 unam
1096 5249 1154 5313 ali·
1202 5252 1425 5333 promissionis
1446 5252 1513 5316 mus
1535 5253 1569 5315 in
1588 5252 1710 5318 Christo
1725 5274 1785 5337 per
1806 5254 2010 5336 evonpelium.
