4762 6016
186 343 248 407 427
900 334 1042 400 ΕΡΙΒΤ.
1066 332 1209 400 PAULI
1232 331 1296 398 AD
1319 333 1465 401 quUM
2126 332 2192 396 428

208 529 316 594 uidem
339 534 415 592 sunt
438 524 595 592 adversus
617 533 797 608 peccantes,
820 527 876 610 qui
901 546 1015 591 verum
1038 525 1161 591 habent
1213 526 1321 592 lumus
1351 527 1488 610 censeri,
1521 548 1578 593 cor
1608 527 1697 591 omni
1727 525 1852 592 insidia
1881 535 2068 611 purgatum,
2099 529 2191 591 omni

221 615 251 680 ei
282 612 403 677 uelum:
436 611 494 677 ssd
527 611 604 694 quia
635 631 654 676 a
682 610 798 694 seipsis
828 613 998 695 incipiunt,
1031 631 1161 694 semper
1212 612 1338 677 malitia
1355 632 1477 695 purum
1500 612 1621 678 habere
1643 634 1703 678 uos
1725 617 1864 696 oportet,
1887 632 1997 677 amare
2020 621 2053 676 οι
2075 623 2191 677 ιιιιιιιιο

186 718 297 764 eorum
336 697 494 764 severitas
534 717 609 762 cum
641 695 863 763 misericordia
896 699 1068 765 coniuncta
1101 705 1160 761 est.
1212 697 1368 763 amabiles
1397 718 1470 763 esse
1499 698 1663 764 convenit.
1707 696 1912 782 Cupiditates
1940 699 2074 763 veroin
2097 697 2194 764 nobis

185 785 276 869 Ergo
304 803 347 849 ne
367 781 480 848 fideles
501 780 641 866 superbe
663 789 697 846 et
717 781 943 850 inhumaniter
965 783 1038 849 aliis
1059 781 1161 847 insul·
1213 782 1375 848 dominari
1403 783 1581 850 absurdum
1607 792 1672 850 eet:
1704 803 1787 867 quae
1808 782 1881 849 idco
1903 785 2016 849 variae
2036 783 2194 851 dicuntur

189 879 269 948 tent,
292 868 348 952 qui
363 865 471 934 adhuc
485 870 520 932 in
535 867 723 952 ignorantia
738 877 771 933 et
785 871 942 935 caecitate
963 869 1161 946 detinentur,
1212 867 1450 955 (meoiudicio)
1480 870 1634 953 quoniam
1663 868 1827 953 libidines,
1855 869 1972 954 quibua
2002 869 2101 935 homo
2124 890 2194 936 car-

185 953 312 1021 reducit
344 953 408 1020 illis
438 953 561 1020 Paulus
593 954 627 1018 in
656 954 847 1021 memoriam
878 955 990 1038 quales
1020 954 1161 1019 fuerint:
1212 955 1297 1021 nalis
1314 955 1558 1041 circumagitur,
1581 955 1684 1020 veluti
1699 955 1856 1021 contrarii
1874 965 1953 1021 sunt
1974 955 2111 1022 fluctus:
2135 957 2192 1039 qui

185 1061 224 1107 ac
245 1041 273 1104 si
301 1039 433 1122 diceret,
461 1040 489 1105 si
518 1047 584 1104 tam
616 1038 734 1104 scater
757 1040 948 1124 exagitandi
970 1052 1057 1117 sunt,
1081 1059 1161 1122 quos
1214 1039 1292 1104 dum
1321 1041 1408 1105 iuter
1436 1062 1472 1106 sc
1500 1040 1692 1126 confligunt,
1724 1041 1892 1107 hominem
1920 1042 2030 1124 ipsum
2056 1051 2195 1108 verant

186 1125 332 1191 noudum
360 1124 437 1190 fidei
464 1122 537 1191 luce
565 1122 719 1210 dignatae
744 1136 796 1192 est
818 1125 919 1205 Deus,
953 1125 1067 1193 codem
1090 1127 1162 1190 iure
1212 1123 1279 1190 huc
1307 1136 1341 1192 et
1368 1127 1457 1210 illue,
1490 1136 1529 1193 ut
1555 1127 1664 1192 vadet
1691 1135 1789 1211 atque
1813 1126 1954 1193 alternet
1975 1128 2044 1193 lere
2065 1127 2101 1192 in
2124 1129 2192 1192 ein·

184 1210 336 1296 potuistis
362 1210 438 1275 olim
467 1211 679 1276 inclementer
707 1212 837 1277 vexari:
865 1212 1051 1280 noluissetis
1072 1218 1161 1278 certo
1213 1211 1291 1296 gula
1313 1222 1489 1278 momenta
1535 1212 1627 1278 'lulis
1647 1220 1736 1280 certe
1758 1220 1808 1279 est
1830 1213 1976 1280 omnium
1999 1213 2193 1297 inquietudo

186 1314 383 1381 quemquam
404 1314 475 1362 ease
496 1295 589 1362 vobis
615 1295 695 1361 adeo
726 1296 959 1366 inhumanum.
1013 1297 1161 1365 Eandem
1214 1298 1271 1380 qui
1299 1299 1463 1364 secernis
1492 1296 1661 1364 desideriis
1689 1299 1895 1383 permittunt,
1917 1299 1994 1384 qnia
2015 1298 2107 1364 nulla
2128 1299 2193 1364 nisi

185 1382 288 1467 igitur
316 1380 573 1448 moderationem
602 1401 682 1468 erga
704 1382 786 1450 alios
814 1407 903 1454 nnnc
924 1394 1041 1453 tenete.
1085 1383 1162 1449 Duo
1213 1383 1249 1447 iu
1271 1382 1335 1448 Dei
1358 1385 1474 1449 timore
1494 1383 1665 1450 stabilitas.

186 1473 299 1533 autem
320 1469 356 1531 in
379 1466 487 1533 verbis
504 1465 601 1532 Pauli
623 1467 837 1553 intelligenda
860 1483 948 1539 sunt.
981 1471 1080 1538 Prius
1102 1476 1162 1551 est,

186 1562 224 1618 nt
251 1552 307 1653 qni
334 1574 421 1619 nuuc
435 1551 633 1654 ‘illuminati'
657 1563 735 1619 sunt
762 1577 793 1656 a·
812 1554 972 1657 Domino,
1005 1555 1163 1640 pristinae
1299 1555 1331 1619 4.
1349 1552 1418 1655 βοά
1442 1559 1610 1655 postqum
1639 1555 1762 1623 metas
1790 1560 1820 1622 ei
1844 1575 1938 1622 umor
1958 1576 2031 1642 erpa
2051 1556 2193 1657 domim

186 1647 656 1810 :tttttttittttttt
675 1639 1163 1810 ΞΞΞΞΞΞΞιΞΞιΞιΞΞΞΞΞΞ
1214 1640 2193 1812 ttt”.t.t'tt⁰.'ftffl..dttl.tttt,⁰¹’.tlt

190 1830 225 1876 se
254 1814 415 1893 putarunt
443 1810 629 1877 tractandos
658 1833 759 1896 quum
789 1825 901 1882 essent
929 1814 1061 1881 similes.
1104 1810 1163 1876 et·
1214 1813 1349 1879 eadum
1378 1832 1471 1878 οιιοιιι
1498 1813 1746 1881 misericordiam
1774 1813 1879 1880 soloce
1901 1833 1959 1880 coe
1977 1815 2052 1898 fecit
2068 1835 2129 1899 per
2148 1815 2195 1881 lo·

188 1900 309 1973 terum,
339 1904 376 1960 ut
404 1905 558 1979 reputent
585 1919 644 1964 suo
670 1898 820 1983 exemplo
848 1921 943 1984 pocae
970 1920 1043 1968 cras
1064 1895 1165 1963 inseri
1214 1917 1345 1965 aarum
1373 1900 1620 1982 repausationis
1640 1919 1677 1966 cc
1698 1898 1909 1967 renovationis
1927 1900 2063 1983 optritae
2083 1902 2197 1982 eoacti,

187 1981 222 2045 in
250 1979 418 2046 ecclesiam
448 1983 504 2065 qui
532 1983 629 2049 hodie
659 1986 809 2051 extranei
837 1996 925 2070 sunt,
959 1996 991 2051 et
1012 1981 1165 2051 correctis
1216 1984 1246 2050 6.
1270 1984 1352 2067 qaod
1380 1985 1488 2066 οῗιιάιι
1520 1985 1556 2049 ira
1587 2005 1645 2051 aas
1665 1984 1805 2069 apotome
1819 2005 1882 2068 per
1904 1985 2012 2052 Issam
2035 1985 2198 2054 ΟΙιήοιιιιιι

188 2066 278 2132 vitiis
311 2083 407 2146 posse
438 2068 510 2134 fieri
542 2068 701 2136 donorum
730 2070 794 2138 Dei
828 2073 1013 2157 participes,
1046 2067 1166 2152 quibus
1216 2075 1403 2137 aevaeum
1417 2074 1574 2136 ιιοοιιιιιιιε
1591 2071 1620 2136 7.
1635 2076 1671 2137 ιιι
1684 2071 1847 2153 iustificati
1861 2070 2075 2157 ι’ῑῐίιιορνιιιίο,
2091 2072 2196 2140 luee-

190 2171 278 2218 nunc
305 2151 535 2220 destituuntur.
579 2154 759 2240 Utriusque
789 2160 837 2224 rei
864 2158 1033 2241 speculum
1058 2156 1166 2220 elucet
1217 2155 1271 2223 doe
1284 2156 1474 2238 οίροοιοιιιιιι
1488 2157 1657 2224 secundum
1678 2176 1765 2238 epau
1784 2158 1866 2224 vitoe
1888 2162 2039 2225 αοιοιιιαο.

190 2238 225 2302 in
248 2235 407 2317 fidelibus,
430 2240 486 2324 qui
508 2240 682 2326 aliquando
705 2242 860 2309 tenebrae
882 2243 1024 2322 inerunt,
1053 2248 1166 2325 postea

189 2332 368 2406 coeperunt
395 2326 453 2391 lux
481 2347 551 2393 ease
579 2329 616 2393 in
639 2328 792 2395 Domino.
836 2329 949 2411 Quare
977 2329 1073 2394 debet
1101 2324 1165 2408 pri·
1304 2326 1371 2392 Aa
1385 2327 1509 2393 cabum
1518 2328 1699 2413 principale
1711 2328 1746 2394 ιἰι
1765 2327 1825 2395 boc
1844 2330 1994 2396 maaca
2014 2334 2069 2414 eat,
2090 2329 2197 2398 Deam

191 2410 299 2475 adnue
328 2430 406 2476 suae
435 2413 629 2480 conditionis
658 2437 677 2480 a
724 2413 782 2479 itio
811 2414 852 2480 ad
882 2413 1086 2501 συμπάθειαν
1112 2430 1166 2475 eos
1217 2431 1275 2478 coe
1301 2433 1362 2479 msc
1392 2414 1609 2482 mieeieordia
1636 2415 1742 2482 salom
1767 2414 1892 2496 smisso,
1926 2419 1983 2482 aas
2013 2417 2116 2483 oratio
2146 2431 2198 2483 est

193 2494 334 2562 flectere.
369 2496 529 2567 Praesens
547 2509 657 2566 autem
707 2500 737 2566 ei
760 2501 867 2584 gratia
889 2501 1084 2566 documento
1106 2507 1167 2578 est,
1220 2497 1389 2565 defectiva.
1425 2500 1478 2564 Ita
1499 2499 1759 2566 subaudiendum
1783 2500 1856 2584 crit,
1878 2510 2021 2568 mutatos
2042 2501 2142 2568 fuisse
2159 2503 2195 2568 in

191 2580 534 2669 possealiosquoque
557 2586 758 2653 adsalutem
781 2585 908 2653 adduci.
944 2586 998 2651 Ita
1018 2583 1168 2652 ridemus
1221 2582 1354 2664 melius,
1394 2604 1560 2669 novosque
1591 2585 1694 2654 lectos
1725 2586 1824 2654 lubae
1857 2587 2025 2671 homines,
2056 2608 2099 2654 ex
2130 2610 2196 2673 qno

192 2679 342 2750 oportere
375 2689 435 2737 nos
467 2692 577 2738 coram
610 2672 683 2738 Deo
715 2670 899 2753 humiliari,
935 2682 972 2738 ut
1004 2667 1168 2736 mausueti
1222 2689 1335 2736 sorum
1358 2671 1511 2737 misertus
1532 2676 1583 2738 est
1604 2672 1714 2738 Deus:
1743 2691 1782 2738 ac
1805 2672 1832 2738 si
1856 2672 1993 2739 diceret:
2022 2683 2101 2739 tuno
2122 2695 2196 2741 ιιοο-

191 2754 296 2820 simus
328 2774 407 2840 erga
439 2755 567 2824 fratres.
611 2757 719 2824 Saeve
751 2757 840 2823 euim
870 2767 905 2825 et
927 2758 1072 2824 omnium
1095 2774 1170 2819 eon·
1222 2756 1317 2838 pistis
1339 2756 1471 2822 demum
1494 2756 1535 2822 ab
1556 2756 1622 2824 illie
1643 2757 1783 2841 differre,
1809 2778 1913 2841 quum
1936 2779 1993 2826 vos
2014 2758 2108 2826 Deus
2129 2760 2198 2844 spi·

195 2840 354 2924 comptrix
386 2849 435 2908 est
466 2842 626 2928 superbia.
673 2842 761 2910 Alibi
790 2843 916 2927 (Galat.
939 2845 970 2924 6,
1005 2841 1038 2928 1)
1068 2859 1169 2925 quum
1223 2842 1289 2906 ritu
1304 2863 1363 2908 suo
1377 2843 1537 2928 repcnuit.
1574 2843 1657 2925 Quia
1671 2848 1774 2910 ιιιιιιοιι
1788 2845 1823 2910 ιιι
1843 2843 1946 2912 uerbis
1961 2844 2060 2912 Pauli
2080 2851 2200 2914 maslot

195 2944 256 2990 nos
294 2926 336 2993 ed
375 2927 544 2996 lenitatem
582 2931 750 3010 hortatur,
788 2948 866 2997 suae
904 2945 1171 3014 unumquemque
1216 2928 1331 3012 plenae
1361 2949 1481 3008 seusu,
1514 2928 1596 2995 uitii
1627 2930 1742 2998 addere
1771 2949 1890 2998 uoeesss
1921 2935 1973 2998 ed.
2026 2931 2132 2998 Porro
2162 2953 2199 3000 se

195 3021 346 3081 nostrum
376 3014 574 3083 infirmitatis
602 3015 864 3085 commonefacit:
895 3016 949 3082 hie
977 3015 1066 3081 ultra
1094 3030 1170 3096 pro·
1222 3015 1308 3080 inter
1330 3013 1413 3081 elios
1434 3024 1597 3099 numerat,
1623 3035 1687 3100 quc
1709 3017 1870 3083 efficacior
1891 3017 1935 3083 sit
1957 3017 2154 3084 exhortatio.

193 3097 288 3180 cedit,
322 3102 476 3188 quoniam
497 3104 590 3188 vitia,
623 3124 643 3170 a
672 3101 790 3186 quibus
812 3103 877 3170 iam
898 3100 1028 3170 liberati
1048 3115 1171 3178 sumus,
1308 3099 1339 3166 4.
1363 3098 1536 3184 Postquam
1556 3103 1717 3186 apparuit.
1761 3102 1931 3186 Principio
1953 3103 2067 3187 quaeri
2089 3113 2199 3188 possm

192 3185 266 3252 vult
289 3208 351 3256 nos
373 3188 545 3272 recordari,
574 3196 612 3256 nt
633 3209 715 3275 quae
735 3189 843 3256 adhuc
863 3191 899 3255 in
921 3189 993 3254 aliis
1015 3183 1170 3267 resident,
1223 3204 1266 3252 an
1299 3195 1377 3253 tunc
1409 3187 1551 3271 coeperit
1579 3190 1784 3255 innotescere
1812 3189 1935 3256 mundo
1966 3189 2029 3255 Dsi
2058 3189 2195 3268 bonitas,

193 3291 261 3337 non
300 3275 389 3343 ultra
424 3274 558 3344 modum
587 3277 796 3343 insectemur.
850 3275 951 3343 Porro
983 3292 1084 3359 quum
1116 3268 1171 3336 hio
1222 3292 1322 3357 quum
1346 3273 1513 3339 exhibitus
1534 3273 1595 3339 fuit
1618 3272 1771 3341 Christus
1791 3275 1827 3339 in
1850 3295 1959 3341 corne.
2000 3274 2086 3340 Nam
2107 3282 2196 3342 certe

195 3357 340 3429 breviter
367 3361 524 3448 depingat
545 3362 669 3431 Paulus
697 3361 840 3429 hominis
863 3361 1043 3448 ingenium,
1076 3357 1171 3442 quale
1223 3368 1255 3424 οι
1272 3357 1403 3438 bonum,
1426 3368 1460 3423 et
1475 3359 1682 3442 clementem,
1703 3370 1737 3425 οι
1758 3360 1821 3426 sibi
1842 3361 2018 3445 propitium
2038 3358 2080 3426 ab
2100 3359 2197 3426 initio

199 3458 250 3510 est
272 3446 375 3515 donec
390 3447 518 3522 Christi
539 3449 659 3535 spiritu
681 3450 893 3517 reformatur:
915 3446 1036 3513 intueri
1056 3445 1091 3509 in
1111 3442 1173 3507 hac
1223 3455 1397 3510 senserunt
1426 3453 1537 3527 patres
1566 3450 1601 3510 et
1628 3445 1754 3531 experti
1783 3452 1872 3513 sunt.
1916 3446 1990 3513 Nou
2011 3446 2074 3512 luit
2094 3446 2199 3532 igitur

200 3532 415 3620 descriptione
429 3534 507 3603 lieet
520 3558 619 3622 qnam
633 3535 745 3603 miseri
763 3536 866 3602 simus
885 3543 978 3600 extra
993 3530 1171 3599 Christum.
1223 3528 1304 3595 haec
1336 3530 1440 3612 prims
1475 3529 1630 3597 bonitatis
1663 3532 1856 3617 paternique
1885 3552 1965 3618 erga
1994 3553 2055 3600 nos
2082 3533 2205 3602 amoris

194 3620 307 3689 Primo
329 3622 478 3690 stultos
499 3630 594 3692 vocat
607 3621 766 3706 infideles,
789 3622 865 3705 quia
880 3617 1026 3687 merasit
1044 3617 1173 3686 vanitas
1223 3614 1453 3681 manifestatio.
1496 3616 1680 3700 Responsio
1698 3617 1804 3684 facilis
1825 3622 1886 3698 est,
1909 3617 1995 3702 quod
2017 3638 2085 3685 non
2106 3618 2204 3686 aliter

193 3715 262 3774 tota
291 3708 461 3776 hominum
490 3731 528 3776 sa
550 3711 661 3790 ientia,
694 3708 851 3792 quamdiu
872 3707 982 3773 Deum
1007 3725 1074 3771 non
1095 3723 1172 3788 cog-
1224 3709 1399 3800 gustarunt
1421 3700 1485 3766 Dei
1505 3700 1690 3802 ‘bonitatem
1715 3714 1825 3788 patres
1858 3703 2014 3789 sublege
2047 3724 2143 3788 quam
2166 3705 2203 3771 in

193 3804 344 3863 noscunt.
387 3797 495 3865 Vocat
523 3732 640 3862 deinde
661 3792 960 3870 inobedientes,
992 3791 1068 3875 quia
1089 3792 1174 3856 sieut
1224 3784 1394 3854 Christum
1428 3788 1646 3870 respiciendo,
1682 3811 1703 3856 a
1734 3790 1828 3857 cuius
1860 3790 2006 3857 adventu
2039 3789 2202 3873 pendebat

191 3883 262 3949 sola
276 3888 328 3950 est
349 3882 431 3951 fides
453 3904 536 3968 quae
558 3903 636 3950 vere
651 3882 724 3949 Deo
747 3877 869 3980 obedit:
892 3879 939 3945 ita
961 3875 1174 3955 incredulitas
1225 3882 1294 3938 tota
1322 3882 1434 3939 eornm
1453 3872 1554 3974 tides:
1598 3873 1651 3940 Ita
1674 3874 1795 3977 dicitur
1812 3858 2001 3977 apparuisse
2022 3876 2086 3942 Dei
2108 3874 2200 3942 boni·

194 3988 342 4134 ΞΞΞΞΞ
364 3978 544 4141 ittet:
558 3965 915 4135 tttllltttt.
948 3961 1174 4115 ..ittet
1225 3960 1945 4144 thetim.ttttttttltthrt.
1962 3981 2200 4114 2¹:33..th

196 4145 337 4227 speeiem
366 4143 540 4226 exprimat
584 4142 696 4208 Tertio
718 4137 795 4204 dicit
816 4136 1003 4203 incredulos
1024 4156 1173 4202 errare:
1225 4131 1418 4216 pollicitum.
1462 4130 1520 4198 Sic
1541 4133 1634 4198 Deus
1665 4131 2199 4219 dilexitmnndum(inquit10·

194 4230 284 4298 solus
305 4231 393 4297 enim
414 4227 568 4295 Christus
591 4227 727 4305 visast,
756 4231 790 4289 et
811 4223 870 4289 lux
892 4221 1017 4288 mundi.
1062 4220 1174 4302 Quare
1225 4219 1351 4283 bannos
1371 4215 1404 4299 3,
1428 4214 1482 4302 16)
1503 4225 1541 4281 ut
1562 4217 1668 4283 lilium
1690 4220 1893 4305 unigenitum
1915 4218 2069 4286 traderet.
2111 4219 2201 4286 Alibi

195 4336 326 4383 necesse
343 4325 392 4381 est
412 4333 527 4380 omnes
548 4333 567 4378 a
585 4313 659 4379 Deo
681 4311 815 4390 alienos,
837 4329 941 4395 vagos
963 4316 997 4374 et
1017 4307 1174 4374 emticos
1225 4303 1324 4369 etiam
1340 4301 1480 4369 Paulus:
1502 4300 1684 4370 Confirmat
1698 4305 1792 4375 Deus
1814 4307 1982 4372 caritatem
2004 4325 2097 4371 suam
2119 4325 2200 4404 erga

195 4422 266 4467 esse
296 4413 364 4468 tota
392 4401 471 4467 vita.
516 4399 687 4466 Hactenus
717 4405 870 4464 naturam
897 4393 1101 4461 infidelitatis
1122 4392 1172 4457 in·
1227 4409 1295 4469 nos,
1318 4387 1411 4470 quod,
1431 4407 1531 4471 quum
1551 4389 1674 4456 inimici
1696 4412 1851 4474 essemus,
1873 4392 1978 4458 filium
1991 4411 2087 4457 suum
2099 4392 2198 4469 miset,

196 4486 333 4554 dicant:
356 4486 558 4554 nuncetiam
574 4485 806 4553 additiructns
826 4481 881 4566 qui
903 4501 945 4546 ex
966 4498 1006 4545 ea
1027 4486 1172 4553 manant,
1225 4488 1286 4541 ete.
1308 4472 1418 4559 (Rom.
1441 4474 1473 4558 5,
1502 4471 1546 4560 8).
1590 4477 1683 4543 Haec
1712 4481 1833 4546 usitata
1861 4488 1910 4544 ost
1935 4476 2089 4562 loquendi
2111 4477 2198 4543 ratio

196 4594 315 4658 nempe
355 4573 447 4638 varia
489 4573 651 4639 desideria
689 4580 722 4636 ot
758 4567 854 4634 volu
862 4576 1024 4651 ptatee‚
1063 4563 1173 4630 invi·
1225 4560 1260 4626 in
1276 4560 1458 4644 scripturis,
1481 4557 1566 4643 quod
1587 4583 1647 4646 per
1662 4562 1786 4631 Christi
1808 4574 1948 4630 mortem
1971 4562 2199 4629 reconciliatus

197 4659 315 4738 diam,
345 4658 555 4738 malitiam,
586 4667 619 4723 et
644 4676 729 4741 qnae
750 4653 816 4719 illis
837 4664 914 4718 sunt
935 4650 1065 4718 similia.
1109 4647 1173 4714 Ve-
1226 4645 1288 4712 luit
1316 4645 1460 4712 mundns
1493 4645 1581 4712 Deo:
1616 4669 1710 4733 quem
1742 4663 1850 4716 temen
1880 4648 2018 4717 saeculis
2046 4648 2200 4715 omnibus

197 4766 272 4810 rum
303 4743 435 4893 puidam
464 4753 525 4828 est,
559 4763 625 4809 nun
653 4741 806 4809 omnibus
834 4737 925 4804 vitiis
947 4736 1094 4823 singulos
1115 4754 1173 4818 pa·
1225 4734 1347 4800 scimus
1377 4731 1552 4817 Mnignum
1582 4735 1681 4803 luisse
1709 4745 1843 4820 patrem.
1893 4734 1960 4804 Sed
1989 4734 2067 4820 quia
2095 4733 2199 4801 divini

198 4831 278 4895 riter
325 4831 474 4896 aborare:
507 4828 565 4896 sed
594 4848 695 4913 quum
723 4845 837 4892 omnes
866 4824 976 4908 pravis
1005 4820 1174 4889 desideriis
1225 4839 1303 4903 erga
1318 4839 1378 4886 nos
1393 4820 1515 4885 amoris
1529 4838 1659 4887 cauum
1683 4833 1715 4887 et
1737 4821 1907 4887 materiam
1928 4822 2044 4888 salutis
2065 4829 2199 4888 noemae

199 4916 354 4995 seniaru,
382 4916 513 4982 ιιιιιιοιοί
535 4914 592 4979 alii
613 4913 677 4980 elio
700 4912 855 4992 terantur,
876 4908 1066 4976 summatim
1088 4925 1174 4973 com·
1224 4903 1356 4971 nonnisi
1384 4904 1419 4969 in
1441 4902 1575 4972 Christo
1603 4906 1800 4985 invenimus,
1834 4927 1899 4973 nou
1929 4905 1986 4974 abs
2012 4928 2047 4972 re
2078 4904 2199 4974 dicitur

198 4999 315 5082 plexus
335 5011 385 5069 est
406 5000 531 5068 Paulus
551 5000 664 5086 quales
694 4998 814 5083 passim
839 4997 964 5064 huntus
993 4993 1101 5079 pariat
1123 4992 1174 5058 in·
1224 4990 1317 5057 Deus
1337 4998 1432 5075 pater
1453 4991 1633 5058 bonitatem
1655 5010 1749 5058 suam
1771 4990 1807 5056 in
1829 5012 1867 5058 eo
1890 4993 1984 5059 nobis
2004 4992 2198 5059 ostendisse.

199 5085 385 5166 credulitas,
408 5107 474 5171 qna
493 5087 533 5154 de
554 5107 591 5153 rc
613 5086 734 5153 dictum
757 5092 808 5152 cat
820 5084 946 5151 circiter
960 5081 1060 5148 linem
1074 5077 1174 5163 primi
1225 5074 1436 5161 Quamquam
1469 5076 1534 5142 ulia
1565 5085 1615 5143 cst
1644 5076 1704 5142 loci
1733 5076 1829 5144 huius
1863 5081 1953 5156 ratio,
1987 5077 2042 5145 ubi
2072 5078 2198 5148 Paulus

199 5168 313 5252 capitis
336 5172 375 5238 ud
398 5173 576 5240 Romanoa.
612 5171 787 5239 Caeterum
809 5189 908 5254 quum
931 5167 984 5233 his
1007 5166 1095 5233 notis
1108 5164 1174 5231 Dei
1225 5183 1292 5228 non
1308 5162 1347 5229 de
1364 5163 1530 5230 communi
1546 5160 1603 5226 illa
1617 5159 1740 5228 Christi
1760 5165 2023 5231 manifestatione
2044 5165 2197 5250 loquitur,

199 5254 285 5322 tilios
307 5255 431 5324 Paulus
460 5257 500 5323 ab
528 5256 703 5325 incredulis
728 5255 904 5322 decernat:
934 5253 962 5320 si
983 5249 1097 5319 fideles
1118 5270 1174 5318 vo-
1225 5267 1325 5332 quum
1347 5246 1446 5316 homo
1468 5247 1503 5313 in
1527 5244 1683 5313 mundum
1706 5247 1833 5330 prodiit,
1867 5250 1925 5317 aad
1947 5247 1987 5316 de
2009 5251 2197 5319 memissa·
