4740 6016
255 1559 283 1623 1.
306 1557 441 1638 Paulus,
456 1557 578 1622 sindus
598 1555 716 1623 Christi
731 1555 814 1636 lesu,
838 1561 867 1621 et
883 1553 1061 1622 Timotheus
1073 1555 1142 1642 fra·
1196 1556 1351 1640 epistolae
1378 1557 1419 1621 sd
1443 1556 1667 1625 colossenses:
1695 1560 1782 1643 qnod
1811 1578 1829 1622 a
1856 1560 2015 1642 probabili
2045 1563 2170 1628 coniec-

165 1649 221 1722 ter,
252 1642 428 1708 Philemoni
446 1645 548 1708 amico
565 1648 598 1707 et
617 1643 794 1725 cooperario
814 1646 927 1720 nomo,
971 1642 1002 1705 2.
1024 1646 1052 1708 et
1072 1641 1142 1724 Ap·
1197 1651 1270 1706 tura
1291 1663 1356 1706 nou
1379 1642 1544 1707 abhorret.
1578 1645 1661 1710 Nam
1679 1644 1763 1729 qnod
1779 1646 1866 1710 huuc
1883 1646 2059 1711 secandum
2077 1655 2171 1713 vocat

161 1729 260 1814 phioe
274 1728 409 1804 dilectae,
432 1734 461 1794 et
475 1728 638 1812 Archippo
652 1727 851 1794 commilitoni
871 1732 987 1811 nostro,
1009 1727 1143 1795 elecem·
1195 1727 1537 1812 commilitonem,
1570 1731 1603 1794 in
1627 1732 1795 1796 ministros
1818 1731 1850 1796 id
1880 1751 2008 1814 qnoque
2030 1733 2170 1816 peculia·

167 1817 236 1882 aiae
256 1834 337 1897 quae
357 1814 442 1879 domi
469 1820 542 1880 tuoe
562 1821 621 1880 est:
664 1814 695 1880 3.
721 1814 837 1880 Gratia
865 1813 950 1880 ochis
978 1818 1093 1896 etpau
1122 1835 1142 1880 a
1195 1815 1275 1878 riter
1296 1815 1459 1896 competit.
1503 1815 1649 1882 Tametsi
1679 1819 1766 1882 enim
1789 1817 1971 1883 communis
1997 1824 2047 1883 est
2068 1819 2171 1884 omui·

167 1901 237 1967 Deo
250 1905 345 1982 patre
365 1905 468 1965 nostro
490 1907 518 1965 et
538 1901 662 1967 domino
683 1900 759 1965 Iesu
776 1899 909 1966 Christo.
952 1901 983 1964 h
1009 1900 1143 1966 Gratias
1195 1900 1256 1964 bns
1276 1898 1473 1965 Christianis
1495 1901 1631 1968 militia:
1654 1904 1730 1986 qnia
1761 1912 1870 1968 tamen
1898 1903 1932 1967 in
1955 1923 1994 1968 ea
2015 1904 2107 1969 velut
2128 1905 2173 1970 si·

168 2006 227 2087 apo
249 1986 320 2052 Deo
341 2006 415 2066 meo,
445 2006 565 2068 semper
585 1988 768 2052 memoriam
796 1986 845 2052 tui
869 1985 990 2068 fotuns
1014 1987 1052 2051 in
1067 2006 1142 2069 pre·
1195 1985 1313 2068 gnileri
1335 1996 1414 2050 sunt
1436 1986 1593 2067 doctores,
1624 1987 1697 2054 ideo
1719 2009 1795 2070 prae
1816 1988 1888 2053 aliis
1916 1990 1957 2053 ad
1984 1989 2171 2056 bellandum

169 2071 256 2141 ethus
287 2073 373 2149 mus,
422 2071 452 2139 ὃ.
485 2074 618 2138 audiens
648 2078 737 2137 tuam
768 2072 960 2138 dilectionem
992 2076 1019 2137 et
1048 2072 1143 2152 Mem
1196 2072 1300 2153 parati
1323 2092 1394 2137 esse
1417 2071 1551 2138 debent:
1581 2082 1614 2138 et
1637 2073 1742 2140 Setun
1764 2094 1892 2157 quoquc
1921 2075 1986 2140 illis
2009 2085 2047 2140 nt
2068 2073 2171 2157 pluri-

169 2179 264 2242 quam
296 2157 391 2225 hahes
421 2179 497 2242 erqa
530 2158 702 2224 Dominum
735 2157 842 2224 Iesum
875 2164 903 2223 et
934 2178 1008 2241 erqo
1040 2177 1143 2222 menes
1195 2177 1284 2222 mum
1308 2157 1456 2222 infestior
1478 2172 1538 2223 est.
1574 2159 1624 2226 Ac
1643 2160 1715 2242 heri
1730 2164 1829 2242 potest
1845 2164 1881 2224 ut
1894 2159 2077 2243 Archippus
2098 2181 2172 2243 quo·

168 2249 309 2311 moetos:
346 2245 376 2309 6.
409 2249 444 2308 ut
475 2246 709 2310 communicatio
738 2243 813 2325 fidei
840 2249 914 2309 tuae
945 2243 1056 2326 opima
1086 2241 1144 2322 fiat
1195 2241 1332 2307 rumdam
1363 2245 1576 2321 certaminum,
1608 2267 1688 2328 quae
1719 2246 1869 2311 sustinuit
1889 2244 2033 2329 Paulus,
2066 2248 2171 2313 socius

168 2331 324 2414 aqnitione
345 2332 445 2395 monis
467 2329 537 2396 honi
559 2331 641 2413 quod
662 2332 696 2394 in
719 2330 803 2395 nohis
820 2335 866 2396 est
887 2349 962 2413 erqo
986 2327 1144 2394 Christmn
1194 2329 1293 2411 suerit
1321 2349 1358 2395 ac
1381 2331 1551 2412 particeps,
1580 2336 1609 2396 et
1635 2338 1712 2397 certe
1740 2331 1798 2396 hac
1827 2351 1896 2397 oooe
1924 2333 2023 2397 utitur
2045 2331 2172 2398 Paulus

169 2415 287 2480 Iesum.
326 2416 475 2482 Gratiam
496 2417 577 2482 em'm
599 2415 745 2481 hahemus
765 2414 895 2480 multam
914 2421 944 2481 et
964 2413 1143 2481 consolatio·
1195 2415 1313 2497 quoties
1333 2414 1371 2480 de
1386 2418 1678 2497 persequutionibus
1698 2418 1847 2482 meminit.
1879 2417 2039 2483 Familiae
2061 2430 2171 2483 antem

168 2520 237 2566 nun
251 2521 346 2584 super
367 2503 526 2568 dilectione
547 2508 618 2567 tua:
645 2503 719 2584 quia
745 2503 865 2569 uiscera
892 2507 1068 2567 sanctaenon
1083 2520 1145 2583 per
1196 2499 1398 2565 Philemonis
1420 2523 1581 2567 summam
1604 2504 1720 2569 tribuit
1740 2503 1879 2579 landem,
1906 2524 2008 2586 quum
2031 2503 2171 2568 dome·

167 2587 392 2669 teretoeillota
413 2593 495 2667 sunt,
516 2588 626 2669 frater.
1196 2587 1345 2652 stiuam
1374 2586 1592 2652 ecclesiam
1617 2589 1774 2654 nominat.
1818 2587 1933 2671 Neque
1963 2589 2063 2654 etiam
2090 2589 2172 2656 hacc

1196 2670 1392 2754 pervolans
1420 2674 1672 2755 patrisfamilias,
1702 2674 1787 2757 quod
1817 2675 1862 2738 ita
1892 2675 2047 2739 familiam
2077 2695 2171 2741 snam

255 2757 388 2838 Quanta
411 2760 508 2823 luerit
530 2760 665 2843 spiritns
689 2758 811 2841 paulini
833 2758 1001 2841 celsitudo,
1024 2758 1143 2824 etsiex
1195 2759 1347 2834 instituit,
1378 2767 1414 2823 ut
1435 2763 1478 2823 sit
1500 2758 1653 2826 ecclesiae
1674 2762 1792 2843 imago,
1824 2770 1857 2823 et
1882 2762 2022 2844 pastoris
2045 2781 2172 2845 qnoque

167 2845 375 2930 gravioribus
397 2846 467 2910 eins
481 2845 612 2928 scriptis
635 2845 773 2928 perspici
789 2843 906 2910 melias
924 2854 1037 2927 potest,
1062 2843 1143 2911 haec
1196 2864 1315 2908 munus
1337 2844 1426 2909 iutra
1452 2845 1599 2927 privatos
1628 2847 1768 2928 parietes
1790 2844 1895 2910 obeat.
1941 2846 2048 2928 Neque
2076 2849 2172 2935 etiam

168 2948 298 3013 qnoque
321 2929 456 3011 epistola
478 2932 572 2997 testis
595 2941 661 2995 est:
684 2931 719 2994 in
735 2952 799 3013 qua
814 2939 1044 3014 argumentum
1061 2939 1143 2995 trac·
1195 2929 1393 2995 mittendum
1415 2931 1496 3012 quod
1517 2952 1598 2997 uuor
1619 2931 1736 2997 similis
1755 2930 1868 3012 suerit:
1887 2932 1965 3015 quia
1979 2953 2041 2998 non
2061 2932 2118 2999 ahs
2135 2953 2170 2999 re

167 3023 241 3079 tans
274 3014 398 3080 humile
431 3015 510 3082 alias
543 3025 577 3081 et
608 3017 784 3096 abiectum,
817 3036 876 3080 sno
909 3025 1019 3080 tamen
1052 3036 1143 3081 more
1194 3037 1264 3083 eam
1286 3014 1412 3080 Paulus
1433 3017 1630 3082 commendat.

167 3098 314 3165 sublimis
337 3101 378 3164 ad
400 3100 508 3166 Deum
532 3103 693 3167 evehitur.
739 3103 931 3184 Fugitivum
955 3122 1086 3166 servum
1110 3111 1143 3166 et
1280 3103 1311 3167 4.
1338 3101 1470 3168 Gratias
1491 3122 1561 3187 aqo.
1604 3102 1791 3169 Notandum
1819 3101 1905 3186 quod
1927 3123 1986 3185 pro
2013 3123 2076 3185 quc
2097 3123 2170 3186 gra-

166 3187 270 3251 fnrem
288 3186 419 3252 domino
434 3188 615 3269 remittens,
644 3207 701 3271 pro
720 3187 776 3252 illo
792 3187 985 3270 deprecatur
1000 3189 1142 3255 renium.
1195 3188 1259 3253 tias
1274 3187 1350 3272 agit,
1373 3208 1432 3271 pro
1447 3189 1560 3254 eodem
1583 3189 1680 3254 simul
1697 3196 1856 3273 precatur.
1890 3189 2067 3271 Nunquam
2082 3189 2171 3254 enim

167 3270 291 3336 Verum
316 3272 400 3338 hanc
422 3292 551 3339 oausam
575 3295 684 3359 agens,
715 3284 781 3338 tam
804 3275 949 3358 graviter
971 3274 1011 3339 de
1033 3276 1141 3357 aequi·
1196 3282 1288 3340 tanta
1303 3283 1353 3340 est
1367 3273 1419 3339 vel
1435 3274 1679 3357 perfectissimis
1694 3273 1881 3359 gratulandi
1897 3274 2043 3357 materia,
2059 3295 2170 3357 quam·

167 3360 234 3422 tate
257 3357 433 3424 christiane
455 3362 676 3440 concionatur,
698 3370 734 3424 ut
748 3361 897 3425 videatur
913 3361 1017 3443 magis
1039 3369 1141 3426 totam
1196 3361 1250 3426 diu
1272 3362 1307 3425 in
1328 3358 1390 3428 hoc
1411 3359 1533 3425 mundo
1554 3362 1683 3444 vivunt,
1710 3361 1788 3444 quin
1811 3361 1961 3443 precibus
1982 3361 2170 3444 indigeant:

167 3442 336 3509 ecclesiam
355 3447 525 3528 respicere,
548 3469 643 3530 qnam
661 3447 814 3530 privatim
837 3466 951 3513 curare
966 3446 1063 3513 unius
1086 3447 1142 3513 hc·
1195 3457 1231 3513 ut
1252 3446 1308 3512 det
1329 3447 1395 3513 illis
1416 3446 1509 3512 Deus
1530 3468 1597 3512 non
1620 3456 1750 3513 tantum
1777 3466 1986 3528 perseverare
2008 3467 2112 3530 nsque
2134 3447 2170 3512 in

165 3528 267 3592 minis
290 3535 473 3612 negotium:
504 3534 549 3597 ita
572 3532 717 3598 modeste
739 3537 772 3597 et
795 3532 986 3617 suppliciter
1008 3553 1068 3616 pro
1090 3532 1140 3598 in·
1195 3535 1303 3612 finem,
1325 3534 1381 3597 sed
1400 3534 1435 3598 in
1458 3533 1526 3599 dies
1544 3534 1642 3599 etiam
1656 3533 1820 3616 proficere.
1855 3532 1947 3598 Haec
1961 3537 2072 3597 autem
2088 3532 2170 3614 laus,

165 3614 243 3678 fimo
266 3613 397 3679 homine
418 3638 452 3681 se
475 3618 629 3698 demittit,
650 3619 762 3684 utrix
785 3620 1012 3702 alibiusqnam
1036 3622 1141 3704 magis
1194 3640 1293 3702 quem
1309 3618 1493 3684 Philemoni
1516 3618 1638 3699 tribuit,
1661 3618 1804 3684 breviter
1818 3617 2046 3701 complectitur
2067 3627 2170 3683 totam

165 3698 206 3764 ad
229 3698 340 3766 vivum
363 3702 406 3765 sit
428 3722 583 3785 expressa
605 3705 727 3785 ingenii
750 3704 820 3768 eius
843 3706 1066 3771 mansuetudo.
1193 3705 1363 3771 christiani
1385 3704 1528 3771 huminis
1550 3705 1790 3789 perfectionem.
1834 3704 1887 3769 Na
1913 3702 2041 3768 duabus
2068 3703 2170 3785 parti·

251 3784 280 3865 1,
311 3783 439 3853 Vinctus
455 3788 530 3853 Iesu
548 3787 675 3856 Christi.
713 3789 839 3855 Eodem
862 3811 961 3857 sensu
976 3811 1041 3873 qno
1063 3790 1140 3855 alibi
1194 3791 1255 3857 bus
1281 3791 1475 3870 sentinetur,
1506 3790 1571 3856 fids
1599 3793 1635 3855 in
1658 3790 1838 3872 Christum,
1866 3797 1899 3855 et
1927 3789 2063 3855 caritate
2092 3808 2171 3872 erga

167 3873 353 3955 apostolum
376 3873 501 3939 Christi
530 3875 584 3939 vel
614 3875 813 3952 ministrum,
844 3876 897 3941 hic
925 3897 961 3941 se
991 3878 1140 3941 vinctum
1194 3878 1370 3960 proximos.
1414 3877 1499 3941 Nam
1531 3875 1595 3943 huc
1618 3896 1730 3943 omnes
1753 3876 1841 3940 vitae
1871 3884 2001 3942 nostrae
2027 3875 2171 3941 actiones

167 3956 292 4023 Christi
315 3959 473 4042 appellat:
506 3961 580 4042 quia
602 3961 672 4024 eius
699 3960 840 4041 vinnula,
861 3963 979 4044 quibus
1008 3972 1141 4046 propter
1194 3965 1368 4045 omniaque
1390 3963 1497 4029 officia
1519 3962 1718 4028 referuntur.
1763 3962 1806 4027 Et
1829 3961 1910 4026 fides
1931 3962 1966 4025 in
1989 3959 2171 4043 Christum,

167 4043 372 4127 evangelium
390 4045 603 4123 detinebatur,
623 4047 805 4130 legationis,
821 4068 918 4131 qnam
933 4068 992 4131 pro
1009 4046 1141 4114 Christo
1194 4049 1271 4132 quia
1300 4049 1334 4114 in
1361 4069 1436 4114 cum
1465 4048 1597 4133 proprie
1624 4049 1787 4113 intuetur:
1816 4047 1912 4112 sicuti
1940 4067 2046 4130 neque
2075 4046 2171 4111 aliter

168 4130 287 4212 obibat,
309 4132 451 4215 insignia
474 4141 567 4196 erunt
596 4132 643 4198 oei
664 4137 805 4199 tesserae.
850 4133 965 4217 Itaque
995 4155 1033 4199 ea
1055 4153 1142 4198 com-
1195 4155 1292 4218 qnam
1316 4155 1373 4218 per
1400 4154 1476 4198 enm
1505 4135 1610 4199 solnm
1641 4135 1789 4218 cognosci
1817 4142 1924 4216 potest
1946 4131 2039 4198 Deus
2067 4138 2170 4216 pater,

167 4229 327 4281 memorat
359 4218 595 4300 comparandae
624 4219 685 4283 sibi
719 4220 903 4284 autoritatis
932 4239 1047 4285 cansa:
1079 4240 1141 4286 non
1195 4241 1301 4304 neque
1323 4220 1399 4286 alibi
1421 4241 1519 4303 quam
1537 4222 1572 4284 in
1594 4240 1632 4284 eo
1654 4221 1817 4303 reperitur
1832 4218 1987 4302 quidquid
2010 4219 2169 4283 bonorum

168 4302 249 4382 quod
278 4307 476 4384 contemptum
505 4305 623 4369 timeret
655 4305 744 4387 (quio
775 4305 904 4370 minime
936 4306 1066 4372 dubium
1098 4311 1142 4373 est
1195 4307 1319 4389 quaerit
1348 4305 1440 4372 fides.
1486 4305 1663 4371 Caritatem
1694 4325 1770 4371 vero
1798 4323 1865 4368 non
1894 4305 1942 4369 ita
1973 4304 2014 4368 ad
2042 4312 2170 4369 sanctos

167 4388 319 4453 maiorem
337 4388 440 4470 tuisse
461 4391 529 4454 eius
544 4393 747 4456 sumentium
769 4391 942 4472 etpretium
964 4394 1048 4475 apud
1063 4391 1140 4456 Phi
1194 4393 1374 4476 restringit,
1396 4391 1489 4495 (prasi
1512 4412 1591 4476 erga
1613 4390 1693 4458 alios
1716 4389 1805 4454 nulla
1826 4409 1898 4455 esse
1921 4389 2046 4455 debeat.
2082 4388 2170 4454 Nam

168 4471 325 4554 temanum
354 4497 449 4558 quam
474 4481 508 4542 ut
529 4477 593 4542 ullo
613 4477 708 4560 eloqio
734 4476 832 4558 (uerit
854 4476 954 4563 opus),
984 4479 1038 4545 sed
1064 4479 1141 4560 quia
1195 4498 1294 4560 quum
1322 4478 1402 4543 haec
1427 4477 1471 4543 sit
1501 4477 1647 4542 caritatis
1675 4476 1832 4556 doctrina,
1865 4497 1997 4542 carnem
2025 4485 2170 4541 nostram

168 4577 296 4624 causam
317 4567 446 4628 acturus
466 4568 533 4629 erat
559 4564 642 4626 seroi
661 4562 797 4647 fuqitioi,
825 4563 859 4628 in
885 4584 947 4646 qua
963 4565 1142 4645 plurimum
1195 4585 1260 4628 non
1290 4564 1466 4648 despicere,
1497 4575 1531 4628 et
1560 4563 1683 4627 honore
1711 4561 1862 4646 prosequi
1889 4561 1952 4626 Dei
1980 4562 2169 4645 imaginem,

167 4645 288 4712 ouiehat
307 4648 489 4728 deprecatio.
657 4694 660 4700 -
1195 4670 1278 4733 quae
1310 4661 1446 4716 naturae
1479 4659 1610 4715 nostrae
1642 4649 1806 4731 insculpta
1839 4658 1902 4713 est:
1939 4656 2027 4714 certe
2064 4656 2169 4711 totam

254 4732 440 4799 Philemoni.
462 4733 562 4798 Hunc
574 4733 799 4799 Philemonem
816 4734 969 4801 credibile
980 4745 1030 4800 est
1041 4735 1142 4803 fuisse
1194 4758 1297 4821 genus
1320 4736 1500 4800 humanum
1527 4734 1781 4818 comprehendit.
1827 4733 1892 4800 Sed
1921 4732 2077 4815 qnoniam
2099 4751 2170 4798 arc·

169 4838 208 4882 ex
233 4820 533 4902 ordinepastorum.
571 4821 684 4901 Neque
700 4821 787 4885 enim
811 4819 942 4886 titulum
961 4821 1058 4897 hunc,
1077 4843 1141 4905 qno
1194 4825 1277 4888 tiore
1299 4821 1550 4888 necessitudinis
1572 4821 1702 4887 viuculo
1724 4819 1892 4885 nobiscum
1911 4819 2075 4884 coniuncti
2091 4823 2168 4881 sunt

169 4924 243 4968 eum
276 4916 370 4970 ornat
403 4905 536 4988 Puulns,
570 4908 860 4988 cooperarium
894 4928 1028 4982 vocans,
1060 4909 1141 4974 solet
1194 4907 1361 4974 domestici
1383 4908 1471 4985 fidei,
1493 4918 1526 4974 et
1548 4927 1602 4973 eos
1620 4905 1825 4988 peculiariter
1839 4905 1932 4971 Deus
1952 4901 2168 4981 commendat,

168 4988 311 5055 tribuere
334 4991 458 5054 homini
483 4995 618 5074 privato.
655 4991 881 5074 Achippnm
905 4993 1002 5058 etiam
1027 4991 1139 5056 adiun·
1194 4993 1266 5058 ideo
1288 4995 1358 5058 iure
1381 4993 1504 5077 primas
1527 4993 1685 5059 obtinent.
1726 4991 1911 5058 Contentus
1932 4990 2088 5056 orationis
2108 4985 2167 5052 ali·

169 5076 226 5157 git,
249 5097 343 5158 quem
368 5076 516 5142 eumdem
541 5079 640 5142 tuisse
659 5078 810 5143 ecclesius
833 5079 1018 5141 ministrnm
1041 5097 1141 5161 appa·
1194 5087 1351 5161 quantum
1375 5092 1425 5146 est
1450 5080 1618 5145 confusus:
1650 5077 1707 5144 sed
1735 5079 1768 5142 in
1797 5098 1896 5143 sensu
1925 5076 2010 5142 nihil
2032 5072 2081 5141 e‘st
2110 5073 2167 5138 ob·

170 5169 235 5224 ret:
264 5164 290 5226 si
314 5174 422 5226 tumen
447 5165 473 5226 is
496 5174 546 5228 est
567 5165 661 5228 onius
684 5164 722 5227 fit
751 5166 870 5228 mentio
893 5163 1021 5230 circiter
1041 5163 1141 5231 finem
1195 5165 1370 5232 scuritatis.
1406 5165 1482 5232 Nisi
1497 5165 1578 5247 quod
1591 5165 1778 5231 duhiumest
1798 5184 1842 5228 on
1863 5162 2044 5230 adverbium
2065 5179 2168 5226 sem·
