4740 6016
180 361 244 429 119
505 393 516 415 ο
860 365 1169 434 culsamuel
1193 368 1257 433 AD
1281 366 1510 437 llPHESIOS
2123 367 2189 434 180

184 561 355 628 ministris.
399 559 524 626 Paulus
546 567 656 625 tamen
682 558 765 625 alios
786 560 892 645 magis
914 579 1010 643 quam
1033 581 1069 626 sa
1091 582 1158 628 res·
1210 563 1384 644 quominus
1406 565 1503 647 plane
1526 574 1689 649 caperent.
1731 562 1820 644 Quin
1841 562 1949 634 etiam,
1974 570 2105 644 accepte
2128 563 2187 630 illa

185 649 274 731 picit.
319 646 447 711 Passim
469 644 598 729 quidem
622 645 707 710 male
729 646 890 729 audiebat,
913 646 1000 729 qnod
1021 649 1159 731 promis·
1209 648 2188 735 mandato,lte,praedicateomnicreaturae(ldarc.16,15):

185 752 282 799 cuum
305 734 427 798 laceret
457 731 664 815 evangelium
688 731 818 796 ludaeis
844 740 878 797 et
904 734 1072 816 gentibus:
1102 732 1158 799 sed
1209 734 1297 817 item,
1337 735 1439 799 Ilritis
1471 735 1554 801 mihi
1585 748 1683 801 testes
1706 755 1725 799 a
1747 734 1898 801 Samaria
1929 755 2030 818 usque
2064 735 2104 799 ad
2138 737 2187 800 ul·

185 838 251 883 nen
274 829 341 883 tam
364 828 434 883 erat
456 816 614 883 sollicitus
636 837 697 881 sua
718 836 825 898 causa,
846 837 944 900 quarn
962 819 1048 901 quod
1072 819 1159 885 vide·
1210 819 1306 884 times
1329 821 1497 886 nationes:
1519 823 1667 905 gentium
1690 821 1890 887 vocationem
1910 819 2025 886 deinde
2047 821 2186 887 horrent

184 905 240 971 bat
262 905 391 970 concuti
420 903 596 969 multorum
620 901 727 979 fidem,
756 923 854 985 quam
878 903 918 969 de
939 905 1008 969 eius
1030 918 1158 986 aposto·
1209 922 1247 968 ac
1268 902 1435 989 refugiunt
1457 928 1523 972 non
1552 928 1645 974 secus
1667 927 1704 972 ac
1722 914 1919 990 portentum.
1957 906 2077 971 Modus
2093 907 2190 972 enim·

182 990 264 1073 latu,
295 989 517 1072 improborum
546 989 719 1054 calumniis
746 989 877 1069 turbati,
908 989 1055 1055 dubitare
1077 990 1157 1054 inci·
1209 989 1274 1054 illis
1297 1004 1368 1056 erat
1388 993 1584 1078 incognitos.
1621 992 1818 1075 Priusquam
1837 992 1871 1056 in
1895 1012 1960 1057 rem
1978 1003 2183 1074 praesentem

185 1086 310 1159 parent.
354 1075 433 1140 Ideo
462 1075 557 1139 toties
579 1076 619 1139 ed
649 1093 741 1140 snam
769 1076 810 1140 de
838 1074 1004 1141 voluntate
1026 1076 1159 1140 manda·
1208 1087 1343 1140 ventum
1367 1088 1462 1153 esset,
1484 1079 1620 1143 obscura
1642 1084 1773 1143 tantum
1795 1086 1828 1142 et
1842 1079 1978 1142 confusa
1999 1076 2184 1161 apprehen·

185 1175 282 1244 teque
304 1160 367 1225 Dei
388 1160 541 1225 notitiam
564 1172 694 1226 revocat
716 1159 886 1244 Ephesios.
927 1159 1024 1241 Quod
1047 1172 1156 1226 autem
1208 1162 1300 1226 sione
1322 1164 1529 1245 excipiebant
1549 1163 1672 1230 Christi
1693 1162 1802 1228 verba.
1841 1163 2015 1229 Habebunt
2037 1164 2125 1229 enim
2148 1165 2189 1229 in

183 1249 276 1330 prius
308 1245 498 1328 simpliciter
532 1257 704 1311 vocaverat
737 1266 909 1324 arcanum,
942 1267 1029 1312 nunc
1063 1255 1158 1312 vocat
1208 1249 1420 1313 eaeremoniis
1442 1261 1597 1332 tauquam
1623 1249 1731 1314 selum
1755 1247 1885 1331 aliquod
1908 1249 2010 1314 oculis
2040 1252 2108 1315 suis
2123 1269 2184 1334 op·

182 1330 1155 1500 tttt'ltllfttttt{titatltlltdd'ltt
1208 1333 2101 1505 dilutis:titulusita?tatttlt
2111 1335 2185 1487 „¹22⁰

183 1505 260 1570 dum
291 1503 417 1570 Christi
450 1505 558 1569 vocari
590 1514 726 1585 possunt
758 1504 914 1570 vaticinia
946 1522 1157 1586 quaecunque
1208 1504 1426 1569 remeniaram
1442 1506 1621 1590 abrogatio,
1641 1526 1723 1588 quae
1741 1503 1847 1570 aditus
1865 1520 1944 1585 erat,
1967 1508 2184 1575 nesciebatur.

181 1590 223 1654 ad
245 1589 315 1655 eius
337 1609 476 1673 regnam
499 1589 674 1671 pertinent.
710 1588 863 1654 Primum
881 1600 990 1654 autem
1013 1588 1156 1654 notanda
1293 1589 1323 1654 5.
1355 1591 1449 1657 Nuuc
1471 1597 1573 1656 autem
1593 1592 1770 1657 revelatum.
1815 1591 1865 1655 Ne
1891 1593 2098 1676 arrogantiae
2120 1594 2183 1657 im·

182 1686 234 1743 est
249 1676 408 1759 expositio
423 1677 551 1740 arcani:
575 1673 691 1740 deinde
706 1673 983 1740 considerabimus
999 1693 1056 1739 aur
1071 1672 1157 1738 dicat
1207 1685 1386 1757 putaretur,
1410 1677 1493 1758 quod
1517 1697 1551 1742 se
1574 1678 1657 1744 scire
1679 1678 1821 1743 iactabat
1843 1696 1926 1759 quae
1948 1679 2186 1761 ignoraverant

180 1766 330 1847 ignotum
342 1760 606 1826 fuisseomnibus
619 1761 766 1826 saeculis.
800 1761 969 1826 Arcanum
980 1760 1042 1825 hoc
1056 1760 1156 1824 tuisse
1207 1780 1320 1826 omnes
1343 1764 1557 1844 patriarchae,
1587 1763 1765 1845 prophetae
1787 1771 1820 1825 at
1841 1764 1944 1828 sancti
1967 1783 2079 1847 reges:
2105 1764 2183 1848 pri-

182 1850 271 1930 dieit‚
295 1847 378 1929 quod
402 1853 517 1930 gentes
539 1846 574 1910 in
597 1847 820 1929 promissionis
843 1847 1026 1912 societatem
1044 1848 1156 1911 venire
1206 1866 1292 1910 mum
1320 1865 1508 1913 communem
1530 1849 1607 1914 aiiis
1637 1869 1739 1914 seeum
1767 1868 1832 1914 esse
1852 1849 1995 1914 aetitiam
2023 1848 2104 1914 hauc
2124 1850 2186 1916 ad·

182 1935 355 1999 debuerint
381 1948 414 1998 et
444 1931 490 1997 ita
519 1932 588 1996 fieri
623 1932 710 1997 vitae
743 1933 916 2016 participes
945 1932 982 2006 in
1011 1929 1155 2013 Christo,
1205 1936 1313 2012 merset,
1334 1953 1371 1998 ae
1381 1935 1569 2015 praecipuos
1584 1934 1726 2000 ecciesiae
1742 1935 1879 2000 dederes
1898 1934 1963 1999 sibi
1978 1935 2185 2017 sociossocit:

181 2019 279 2102 idque
307 2040 365 2103 per
394 2017 610 2101 evangelium.
654 2015 750 2083 Aliae
778 2028 856 2083 sunt
885 2017 1028 2083 rationes
1059 2017 1156 2081 huius
1206 2018 1317 2083 deiude
1338 2024 1436 2083 refert
1460 2019 1520 2084 hoc
1543 2032 1710 2103 acceptum
1733 2019 1863 2103 spiritui
1886 2032 2007 2098 sancto,
2031 2023 2123 2087 cuius
2144 2024 2182 2087 in

183 2104 421 2188 appellationis,
451 2123 549 2184 quum
579 2103 750 2187 evangelie
781 2103 952 2169 tribuitur:
986 2101 1042 2167 sed
1072 2122 1156 2185 quae
1208 2113 1366 2184 potestate
1396 2117 1455 2181 est,
1487 2119 1646 2188 quantum
1677 2107 1794 2188 cuique
1823 2106 1972 2182 voluerit,
2007 2107 2183 2189 impertiri.

181 2192 344 2274 praesenti
366 2188 436 2255 loca
458 2210 524 2253 non
546 2191 754 2256 conveniant.
792 2188 949 2254 Gentium
968 2189 1079 2269 itaque
1101 2208 1156 2252 ve-
1206 2189 1321 2271 Neque
1351 2189 1435 2255 enim
1470 2192 1534 2256 alia
1562 2204 1612 2257 est
1638 2192 1760 2256 sciendi
1789 2212 1950 2265 mensura,
1985 2192 2049 2256 nisi
2081 2212 2183 2275 quam

184 2277 269 2342 catio
302 2295 456 2340 arcanum
486 2274 611 2341 Christi
643 2286 727 2341 erat:
762 2274 824 2340 hoc
863 2286 920 2353 est,
953 2272 1154 2356 implendum
1208 2275 1302 2339 nobis
1339 2277 1407 2358 ipse
1445 2279 1607 2344 terminat.
1664 2277 1783 2342 Tribus
1817 2277 1982 2342 vocabulis
2015 2279 2182 2361 exprimit,

182 2364 243 2427 sub
264 2382 365 2446 regne
389 2361 524 2427 Christi.
569 2359 635 2426 Sed
659 2382 718 2426 cur
739 2369 838 2444 negat
859 2361 960 2426 luisse
982 2361 1154 2442 cognitam,
1208 2374 1322 2444 gentes
1352 2365 1385 2424 in
1409 2362 1470 2427 Dei
1494 2363 1648 2444 populum
1680 2364 1780 2428 luisse
1802 2375 1977 2444 coaptatas,
2005 2376 2042 2428 ut
2064 2365 2185 2432 melius

181 2469 280 2531 quum
308 2455 358 2512 tot
387 2447 550 2513 vaticiniis
576 2445 741 2530 praedicta
770 2446 873 2510 leret?
918 2446 1003 2511 Nam
1034 2447 1154 2528 passim
1208 2447 1359 2512 ostendat
1390 2467 1455 2529 qna
1477 2449 1661 2512 conditione
1690 2448 1837 2513 debuerit
1868 2450 1931 2513 hoc
1948 2449 2034 2514 fieri:
2064 2471 2186 2535 nempe

181 2545 331 2599 asserunt
354 2533 540 2616 prophetae,
572 2540 729 2598 venturos
756 2553 797 2598 ex
819 2543 887 2596 toto
910 2533 988 2596 orbe
1010 2532 1154 2614 populos,
1210 2533 1286 2597 dom
1311 2531 1535 2598 indifferenter
1557 2544 1738 2617 aequantur
1760 2534 1899 2613 Iudaeis,
1929 2546 1965 2598 ut
1988 2556 2088 2599 unum
2111 2558 2184 2602 cor-

183 2629 220 2684 ut
241 2619 350 2684 Deum
373 2619 526 2683 adorent:
557 2617 749 2702 erigendum
777 2637 848 2684 esse
870 2627 936 2682 tam
959 2619 994 2681 in
1016 2618 1155 2701 Assyria
1207 2638 1268 2700 pus
1291 2618 1442 2683 alliciant.
1488 2621 1537 2684 Ac
1560 2640 1600 2684 uc
1619 2620 1667 2684 rei
1687 2620 1810 2684 acuitas
1839 2621 2017 2701 quempiam
2038 2622 2186 2704 offendat,

181 2724 280 2788 quam
303 2708 338 2769 in
361 2707 515 2788 Aegypto
538 2705 650 2783 altare,
673 2716 707 2768 et
728 2723 841 2768 omnes
864 2703 986 2786 pariter
1008 2703 1155 2785 loquutu-
1207 2702 1283 2768 dicit
1310 2702 1367 2767 tec
1385 2703 1458 2784 tisri
1486 2707 1658 2788 oportuisse
1672 2725 1736 2785 per
1763 2705 1965 2789 eeaupeiium,
1992 2708 2083 2772 carius
2103 2713 2185 2774 certe

180 2812 235 2856 ros
272 2791 384 2874 lingua
420 2789 588 2856 Chanaan.
648 2788 778 2870 Quibus
814 2788 922 2854 verbis
959 2789 1154 2872 significant,
1206 2794 1277 2853 tuuc
1303 2809 1386 2853 meua
1412 2795 1480 2854 erat
1508 2796 1537 2856 et
1554 2792 1648 2872 prius
1669 2790 1817 2855 inaudita
1841 2792 2051 2874 praedicatio:
2084 2812 2184 2876 quam

181 2877 305 2943 cultum
324 2876 389 2941 Dei
411 2876 483 2940 scri
516 2890 548 2940 et
570 2875 706 2942 eandem
729 2875 804 2940 fidei
827 2875 1064 2940 confessionem
1086 2874 1155 2939 ubi·
1205 2880 1308 2938 tamea
1329 2894 1345 2939 e
1366 2875 1445 2940 cecie
1474 2896 1548 2954 esse,
1577 2877 1750 2958 consessum
1779 2883 1847 2942 erat
1868 2879 1950 2943 iuter
1975 2897 2078 2945 omues
2094 2881 2184 2960 pios.

183 2983 246 3045 que
274 2962 526 3044 propagandam.
571 2962 725 3044 Regnum
750 2960 874 3026 Christi
901 2959 1086 3026 extendant
1114 2959 1156 3024 ab
1209 2960 1292 3041 Quid
1313 2960 1411 3043 ipitur
1437 2963 1555 3026 mirum
1574 2964 1605 3026 si
1627 2960 1725 3044 Deus,
1752 2962 1857 3028 erbam
1882 2965 2068 3047 reuocando,
2098 2967 2184 3031 iusu-

180 3048 320 3113 Oriente
343 3048 375 3112 in
392 3045 613 3123 Occidentem,
637 3059 670 3110 et
692 3067 805 3112 omnes
822 3065 928 3112 terrae
950 3046 1086 3130 populos
1106 3045 1154 3110 illi
1206 3046 1296 3112 iitem
1317 3048 1468 3112 ratieuem
1489 3047 1614 3113 terreat?

179 3134 367 3200 subiiciunt.
401 3133 562 3199 Videmus
586 3153 712 3216 quoque
732 3145 767 3196 ut
788 3132 926 3217 apostoli
948 3132 1061 3198 multis
1075 3132 1154 3197 locis

181 3220 373 3285 testimonia
395 3220 435 3284 ad
466 3239 537 3284 eam
561 3240 629 3285 rem
653 3222 771 3284 citent:
800 3239 905 3302 neque
926 3218 961 3282 id
983 3239 1024 3283 ex
1047 3232 1152 3301 poste·
1292 3217 1322 3282 i.
1357 3214 1456 3284 Cutius
1475 3215 1580 3298 fectus
1601 3237 1672 3282 sum
1693 3217 1844 3298 minister,
1878 3221 2044 3287 secuudum
2065 3223 2184 3289 ᾱοηωηι

178 3306 320 3371 rioribus
343 3307 447 3371 solum
471 3305 649 3387 prophetis,
672 3305 728 3370 sed
751 3305 850 3371 etiam
873 3326 913 3369 ex
937 3305 1040 3369 Mose.
1087 3303 1153 3385 Qut
1202 3303 1325 3388 pretias
1338 3301 1403 3368 Dei
1424 3303 1505 3384 qued
1525 3303 1607 3368 milti
1627 3303 1736 3369 datum
1757 3311 1802 3370 est
1818 3307 1985 3372 secuudum
2006 3308 2182 3390 efficaciam
2232 3328 2237 3335 ·

180 3392 290 3474 potuit
311 3393 413 3474 igitar
435 3411 507 3457 esse
529 3389 751 3457 absconditum
774 3391 860 3474 quod
885 3402 935 3455 tot
956 3411 1152 3473 praeconum
1198 3389 1356 3470 potentiae
1382 3389 1459 3453 eius.
1504 3389 1533 3455 8.
1567 3388 1654 3453 Mihi
1680 3392 1818 3455 muuium
1845 3397 2022 3458 sauctorum
2047 3395 2184 3462 mimimo

179 3498 258 3542 voce
285 3477 527 3561 promulgatum
561 3476 689 3541 luerat?
746 3477 844 3561 Quid,
878 3478 962 3559 quod
996 3478 1067 3541 sine
1096 3497 1152 3540 sx-
1204 3477 1280 3541 deta
1300 3479 1345 3539 est
1364 3475 1471 3556 pratia
1497 3475 1582 3556 baec,
1610 3481 1645 3540 ut
1672 3477 1876 3559 eueupctisem
1903 3477 2101 3562 inpartibus
2123 3482 2183 3546 im·

179 3566 328 3647 ceptione
349 3563 475 3628 Paulus
505 3581 619 3629 omncs
648 3584 668 3628 a
697 3565 813 3629 notitia
842 3561 1010 3628 excludit?
1055 3562 1152 3627 Dica—
1200 3558 1454 3643 perrestipabiles
1483 3560 1612 3626 diuitias
1641 3560 1775 3627 Christi:
1831 3563 1860 3628 9.
1889 3569 1917 3628 et
1944 3564 2086 3630 munibus
2110 3584 2183 3631 ceu-

179 3670 306 3726 musne,
329 3648 504 3732 prophetas
527 3650 567 3713 de
589 3648 686 3715 rebus
708 3650 770 3715 sibi
795 3650 914 3733 ignotis
940 3648 1100 3731 loquutus,
1120 3656 1153 3712 et
1204 3648 1348 3728 spicuam
1369 3646 1499 3729 seciam,
1521 3666 1602 3728 quae
1623 3647 1847 3713 sitceuuuuuio
1860 3650 2001 3732 mysterii
2022 3650 2104 3733 quad
2123 3650 2182 3717 ab·

182 3757 296 3801 sonum
329 3734 469 3799 edidisse
501 3735 623 3817 absque
656 3734 892 3818 intelligentia?
948 3733 1152 3816 Respondeo,
1204 3732 1377 3798 sconditum
1395 3732 1461 3813 suit
1487 3733 1662 3798 asaectelis
1688 3734 1723 3798 iu
1746 3732 1825 3813 Dee,
1853 3737 1910 3817 qui
1937 3737 2043 3801 omuia
2063 3739 2185 3803 meavit

180 3842 248 3886 non
277 3821 323 3887 siu
352 3818 542 3904 accipienda
571 3841 641 3886 esse
663 3821 758 3885 Pauli
787 3821 897 3903 rerba,
925 3822 1016 3902 quasi
1043 3818 1082 3883 de
1102 3818 1153 3882 his
1198 3819 1388 3901 perirem
1411 3815 1588 3883 Christum:
1633 3818 1682 3883 10.
1716 3826 1752 3884 ut
1777 3840 1860 3885 uuuc
1880 3823 2040 3903 patefieret
2059 3823 2186 3906 princi·

182 3910 279 3972 rebus
308 3906 400 3971 nulla
426 3926 562 3989 prorsus
584 3905 727 3991 cognitio
754 3908 861 3974 luerit.
905 3905 1044 3990 Semper
1065 3905 1152 3969 enim
1200 3903 1330 3987 petibus
1362 3910 1390 3969 ct
1416 3905 1619 3985 caueamus
1652 3906 1686 3968 iu
1720 3905 1897 3972 coelestidus
1925 3927 1985 3987 per
2020 3909 2184 3974 ecclesiam

181 3997 215 4056 in
240 3993 359 4075 populo
382 3991 481 4076 aliqui
505 3993 644 4070 suerunt,
675 3996 729 4076 qui
753 3994 817 4059 Dei
839 3993 976 4077 gratiam
999 4011 1153 4075 agnosce·
1204 3993 1293 4056 varie
1315 3991 1475 4071 multiplea
1496 3991 1653 4071 sapientia
1675 3988 1747 4072 Dei,
1792 3992 1843 4055 11.
1868 3993 2036 4058 secuudum
2065 4014 2186 4076 propa-

179 4095 255 4144 rent
285 4079 428 4144 adventu
450 4077 592 4144 Messias
614 4080 650 4143 in
676 4087 744 4144 toto
765 4077 887 4143 mundo
915 4078 1154 4162 publicandam,
1204 4079 1301 4142 situm
1322 4082 1491 4153 aeterrmm,
1513 4076 1594 4156 quod
1615 4077 1724 4141 statuit
1745 4076 1779 4140 iu
1797 4077 1921 4144 Christe
1944 4079 2020 4143 Iesu
2041 4078 2185 4145 Damius

181 4182 213 4228 ec
236 4165 366 4249 generis
395 4163 531 4229 humani
562 4165 832 4231 instaurationem
861 4173 1041 4248 sperarent.
1086 4162 1153 4245 Ipsi
1204 4168 1319 4244 uestro,
1364 4162 1415 4225 12.
1445 4181 1504 4244 per
1526 4181 1615 4242 quem
1636 4162 1784 4227 memus
1816 4165 1986 4230 audaciam
2008 4171 2037 4231 ct
2057 4165 2185 4231 uditstm

153 4272 259 4324 ¹:terro
283 4251 459 4334 prophetae
481 4272 522 4314 ex
549 4260 639 4316 certa
661 4251 858 4315 revelatione
881 4248 1152 4315 vaticinabantur.
1204 4249 1239 4310 iu
1259 4247 1386 4328 riduciu,
1414 4268 1475 4328 per
1501 4247 1596 4327 tidem
1624 4249 1701 4312 eius.
1747 4249 1798 4313 13.
1826 4249 1931 4330 Quare
1952 4257 2025 4331 pete
2045 4271 2085 4316 uc
2105 4251 2185 4334 defi·

182 4336 248 4401 Sed
271 4337 396 4401 interea
425 4351 646 4419 nectemus,
677 4357 737 4402 nec
766 4339 849 4400 ratio
879 4333 944 4400 illis
973 4333 1153 4399 constabat.
1204 4332 1297 4396 aietis
1318 4335 1353 4397 iu
1374 4333 1594 4414 afflictionibus
1615 4335 1692 4398 meis
1707 4353 1771 4413 pre
1792 4336 1886 4416 uobis,
1909 4356 1989 4418 quac
2010 4341 2056 4401 est
2074 4335 2184 4419 pieria

181 4421 346 4487 Gentibus
376 4422 521 4488 sciebant
548 4422 721 4505 aliquando
750 4420 1053 4486 communicandam
1082 4440 1153 4484 assa
1204 4423 1315 4483 uestra.

181 4508 245 4572 Dei
267 4507 424 4591 gratiam:
446 4509 502 4573 sed
521 4508 660 4592 quando,
683 4507 852 4590 quomodo,
875 4518 931 4571 aut
945 4506 1063 4589 quibus
1085 4524 1151 4569 me·

180 4594 251 4673 diis,
273 4593 306 4659 id
331 4614 408 4659 vero
430 4604 535 4659 totum
557 4614 613 4658 eos
635 4591 766 4658 latebat.
809 4592 980 4658 Eiusmodi
1001 4593 1152 4674 ignarae·
1292 4591 1341 4655 11.
1366 4589 1466 4656 Cuius
1483 4589 1586 4670 factus
1608 4610 1687 4655 sum.
1725 4590 1813 4671 Quia
1828 4592 2036 4675 evangelium
2058 4594 2182 4658 instru-

180 4683 246 4745 tiae
268 4679 396 4764 insigne
417 4682 478 4744 l'uit
495 4681 656 4762 specimen
674 4680 709 4743 in
728 4680 891 4760 apostolis.
928 4678 1004 4743 Non
1022 4689 1151 4742 tantum
1205 4688 1353 4741 mantum
1372 4698 1441 4742 esse
1457 4675 1611 4741 docuerat
1632 4676 1921 4742 communicandae
1937 4677 2089 4762 gentibus
2105 4700 2182 4763 gra·

179 4767 220 4831 da
242 4787 280 4831 ea
311 4785 346 4829 re
372 4766 477 4831 edocti
506 4776 600 4830 erant
627 4763 859 4846 prophetarum
889 4763 1066 4829 vaticiniis:
1096 4763 1153 4828 sed
1205 4767 1279 4842 tiae,
1302 4783 1390 4827 nunc
1412 4763 1473 4828 sibi
1496 4781 1615 4827 munus
1639 4761 1700 4827 hoc
1721 4763 1821 4827 fuisse
1853 4765 2043 4828 mandatum
2064 4763 2181 4830 adiun-

179 4851 350 4918 audierant
378 4851 499 4916 claram
523 4849 671 4934 magistri
698 4870 810 4914 vocem
839 4847 989 4934 (Ichana.
1015 4848 1065 4928 10,
1088 4849 1152 4930 16),
1204 4850 1267 4932 git:
1297 4858 1393 4930 atque
1421 4849 1467 4911 ita
1496 4869 1655 4931 personae
1677 4868 1755 4912 suae
1783 4850 2003 4915 accommodat
2028 4850 2118 4932 quod
2141 4850 2183 4916 de

179 4937 299 5004 Adhuc
315 4934 396 5002 alias
418 4955 497 5000 oves
512 4936 625 5013 habeo,
648 4956 807 5018 quaenon
823 4947 902 5000 sunt
924 4936 963 4999 de
982 4936 1043 5000 hoc
1058 4935 1153 4999 ovili:
1204 4955 1240 4999 re
1263 4934 1401 5000 dixerat
1445 4933 1495 4999 Ne
1525 4946 1634 4998 tamen
1665 4934 1728 4998 sihi
1756 4932 1907 4999 videatur
1936 4935 2010 5018 plus
2036 4937 2182 5002 tribuere

180 5023 255 5088 illas
277 5042 405 5107 quoque
428 5034 556 5107 oportet
578 5022 759 5106 aggregari,
789 5036 824 5087 ut
844 5021 905 5086 fiat
926 5041 1027 5084 unum
1051 5020 1154 5086 ovile:
1205 5040 1303 5102 quam
1326 5029 1463 5101 oportet,
1494 5021 1598 5101 primo
1622 5021 1744 5084 donum
1773 5039 1846 5085 esse
1868 5023 2034 5102 praedicat
2055 5024 2183 5106 gratiae

180 5120 215 5172 et
236 5128 322 5174 nnus
345 5121 464 5191 pastor.
508 5107 570 5173 Rei
595 5119 705 5174 tamen
728 5110 856 5174 novitas
879 5126 935 5173 eos
957 5105 1155 5189 impediebat
1205 5106 1282 5171 Dei:
1313 5105 1431 5171 deinde
1460 5105 1493 5169 in
1518 5106 1578 5170 hoa
1600 5104 1686 5169 dono
1709 5105 1873 5187 praedicat
1897 5105 1959 5171 Dei
1988 5109 2180 5189 potentiam.

174 5238 382 5250 --
1207 5199 1256 5258 Aa
1286 5193 1315 5256 si
1345 5192 1475 5269 diceret,
1498 5189 1606 5255 Nolite
1637 5193 1799 5273 respicere
1831 5193 1907 5275 quid
1936 5194 1998 5257 sim
2033 5195 2182 5273 meritus,

266 5296 288 5362 ι)
304 5310 437 5351 mm,
1207 5280 1284 5359 quia
1305 5277 1467 5343 Dominus
1496 5274 1582 5341 ultre
1605 5276 1685 5341 mihi
1717 5298 1777 5343 sua
1800 5277 1992 5344 liberalitate
2019 5279 2081 5346 hoc
2104 5300 2182 5347 oan-
