4740 6016
177 336 242 404 183
862 332 1172 401 malampnum
1194 332 1258 399 AD
1281 329 1514 398 EPHESIOS
2123 325 2190 392 184

178 526 319 610 Semper
341 524 580 608 respitiendum
609 533 660 589 est
680 522 797 605 quibus
819 523 911 587 verbi
938 523 989 588 sui
1011 521 1158 587 ministe·
1210 520 1311 585 loreru
1335 519 1387 585 vel
1408 519 1518 584 lumen
1541 520 1680 586 auterre.
1717 518 1836 584 Fateor
1851 517 1990 601 quidem,
2012 535 2072 598 pro
2089 514 2188 580 modo

182 615 268 678 rium
297 611 512 676 destinaverit
534 609 637 674 Deus.
681 608 765 672 Nam
795 609 824 672 ei
846 609 881 672 in
911 607 975 672 fide
1004 628 1069 673 non
1092 628 1160 672 am·
1211 606 1286 670 lidei
1315 607 1349 670 in
1383 604 1457 670 aliie
1478 605 1642 689 exiguam,
1675 604 1710 669 in
1732 603 1805 669 ahie
1827 605 1982 669 maiorem
2010 621 2083 666 esee
2104 600 2189 665 lidu-

180 699 296 763 bulant
326 697 446 780 angeli,
478 697 534 779 qni
561 695 623 760 Dei
651 705 827 776 oonspeotn
855 695 1020 772 fruuntur,
1054 713 1159 775 neque
1210 692 1310 756 eiam:
1346 711 1508 773 nusquam
1546 704 1656 756 tamen
1692 689 1875 774 reperietur
1909 688 1990 754 fides
2022 688 2094 752 sine
2131 685 2189 785 his

181 784 280 847 etiam
308 792 445 847 externe
478 781 570 847 verbi
599 778 879 845 administratione
911 799 993 862 opus
1026 778 1157 843 habent.
1210 775 1334 842 effectis
1366 788 1424 841 ent
1468 775 1635 842 fructibus.
1687 775 1831 841 Proinde
1860 785 2090 859 argumentum
2119 780 2190 837 ent

181 869 301 933 Restat
323 869 434 953 igitur,
463 886 545 949 quae
566 865 600 928 in
623 864 795 931 hominum
822 886 883 930 usu
905 875 964 939 est,
994 862 1159 947 praediea·
1210 863 1427 928 aertiesimum
1456 862 1510 927 val
1547 861 1759 939 infidelitatis,
1792 860 1845 926 vel
1875 859 1952 925 fidei
1983 857 2188 925 conscientia

180 956 303 1019 tionem
326 953 456 1018 nonnisi
478 952 647 1016 hominum
670 950 856 1015 nenessitati
879 952 1012 1015 servire.
1063 947 1158 1014 Pauli
1210 947 1339 1031 trepida
1368 959 1402 1012 et
1431 948 1590 1015 vacillans
1617 948 1660 1014 ob
1690 946 1945 1012 dubitationem:
1978 943 2030 1010 vel
2060 962 2187 1024 secura,

182 1051 293 1104 autem
316 1040 415 1103 verba
436 1037 525 1102 huno
542 1036 665 1100 habent
686 1056 828 1113 sensum,
852 1034 938 1119 qnod
956 1035 1092 1102 ecelesia
1114 1055 1157 1098 ex
1209 1043 1363 1100 constane
1377 1044 1411 1098 et
1424 1034 1548 1100 invieta
1568 1034 1726 1100 adversus
1741 1032 1920 1098 interorum
1936 1040 2057 1113 portas.
2091 1028 2188 1095 Haeo

183 1125 315 1190 Iudaeis
334 1124 456 1206 pariter
478 1142 515 1187 ao
534 1120 686 1206 gentibue
708 1121 854 1200 collecta,
876 1123 968 1204 quasi
987 1120 1158 1204 epeoulum
1209 1131 1322 1185 sancta
1355 1131 1406 1185 est
1437 1121 1659 1203 praesumptio
1691 1128 1742 1204 tut
1763 1117 1963 1202 loquuntur),
1996 1115 2075 1180 dum
2107 1114 2186 1179 freti

181 1213 234 1288 sit,
263 1213 297 1274 in
320 1230 384 1291 quo
405 1206 669 1290 eontemplentur
692 1207 799 1290 angeli
826 1206 999 1272 mirifioam
1021 1205 1085 1271 Dei
1107 1226 1158 1271 sa·
1210 1205 1344 1272 Christo
1376 1205 1564 1289 mediatore,
1596 1215 1685 1271 oarto
1714 1203 1949 1286 aequieeoimus
1982 1202 2016 1266 in
2046 1217 2186 1283 paterno

181 1297 346 1377 pientiam,
369 1313 468 1376 quem
487 1295 578 1376 prius
597 1293 789 1358 nesoierent.
813 1291 923 1375 -Opue
937 1293 1025 1356 enim
1045 1291 1158 1355 vident
1210 1290 1273 1356 Dei
1295 1311 1419 1356 amore:
1452 1304 1541 1358 certo
1571 1292 1664 1357 nobie
1695 1290 1853 1355 audemus
1884 1289 1984 1354 vitam
2014 1296 2185 1352 aeternam

180 1379 244 1445 sibi
272 1399 404 1457 novum,
434 1390 469 1444 et
497 1379 591 1445 ouius
620 1380 704 1443 ratio
732 1378 768 1442 in
791 1378 863 1444 Deo
892 1379 1023 1444 latebat.
1068 1376 1158 1442 'Palis
1210 1376 1368 1460 pollioeri,
1403 1398 1463 1443 neo
1495 1388 1646 1457 mortem,
1680 1396 1741 1442 neo
1772 1374 1893 1439 inferos
1926 1372 2186 1455 expavseoimus.

180 1478 231 1529 eet
262 1465 434 1548 protentus,
469 1486 534 1529 non
568 1466 646 1547 quia
678 1485 718 1529 ex
750 1483 807 1529 ore
840 1464 1008 1529 homiuum
1036 1462 1157 1546 aliquid
1210 1462 1464 1529 Observandum
1486 1465 1584 1528 etiam
1606 1462 1692 1544 quod
1726 1461 1802 1527 dioit
1830 1460 1990 1525 aditum
2013 1460 2052 1524 in
2074 1457 2185 1523 lidu-

180 1550 319 1618 disoant.
1209 1549 1283 1614 oia.
1321 1548 1406 1612 Nam
1428 1551 1463 1613 in
1482 1549 1545 1614 hoo
1561 1548 1719 1612 differunt
1739 1548 1780 1612 ab
1795 1546 1905 1630 impiis
1924 1544 1984 1610 filii
2000 1544 2072 1624 Dei,
2094 1541 2204 1625 quod·

269 1639 319 1701 11.
355 1634 532 1701 Semndnrn
555 1635 751 1719 propositam
780 1638 946 1699 adernam.
997 1633 1158 1700 Videmus
1210 1654 1312 1717 quum
1344 1633 1393 1699 illi
1415 1636 1557 1717 quietem
1586 1635 1620 1698 in
1644 1634 1707 1699 Dei
1729 1632 1891 1697 oblivione
1921 1640 2091 1714 reponant,
2121 1649 2186 1693 nee

180 1742 278 1805 quam
302 1721 477 1803 diligenter
499 1728 613 1785 eareat
636 1741 676 1784 ne
696 1718 793 1784 obiioi
815 1719 918 1802 possit
938 1720 1065 1785 consilii
1088 1741 1157 1783 mu·
1210 1741 1352 1804 unquam
1376 1718 1458 1786 bene
1480 1720 1631 1799 habeant,
1656 1719 1718 1783 nisi
1740 1739 1839 1801 quum
1862 1717 2051 1801 longissime
2072 1736 2091 1779 a
2113 1713 2190 1779 Deo

182 1809 264 1872 tatio
286 1809 320 1871 in
345 1805 426 1871 Deo.
471 1805 550 1871 Ideo
572 1807 691 1889 repetit
711 1807 776 1870 iam
799 1806 903 1882 tertio,
932 1806 1032 1870 luisse
1054 1819 1157 1869 aeter·
1211 1806 1383 1871 recedunt:
1416 1806 1450 1870 hi
1480 1827 1591 1889 paoem
1619 1805 1740 1869 babent
1765 1825 1839 1870 oum
1862 1802 1944 1880 Deo,
1977 1812 2010 1865 et
2031 1800 2190 1866 alaeriter

181 1890 1158 2060 terremini'a:lttl‘ttmntitetttlt
1209 1889 1762 2060 ltltlte‘lttt‘ltht
1788 1889 1994 2040 iffiihiliii
2015 1896 2189 2038 leth*

184 2066 366 2149 legitimum
404 2026 590 2146 publiciani
630 2063 749 2127 decreti
789 2071 918 2144 tempus
957 2063 998 2127 ad
1032 2062 1157 2128 Christi
1209 2063 1354 2145 adeoque
1377 2063 1463 2130 hano
1484 2064 1610 2128 elavem
1632 2082 1703 2127 esee
1722 2081 1806 2143 quae
1827 2062 1920 2127 nobis
1942 2061 2072 2124 ienuam
2088 2056 2186 2142 regni

182 2170 321 2234 regnum
346 2151 509 2232 pertinere
531 2149 703 2230 signifieat.
746 2147 801 2213 Ad
820 2148 946 2212 verbnm
967 2153 1028 2213 est:
1049 2167 1156 2214 seman·
1208 2149 1358 2215 eoelestis
1387 2160 1519 2215 reserat.
1565 2149 1647 2212 Nam
1676 2149 1733 2230 qui
1756 2147 1820 2212 huo
1848 2157 1882 2210 et
1909 2146 1986 2212 illue
2016 2143 2187 2209 alternant

182 2238 259 2302 dnm
275 2237 474 2319 monentem
494 2234 576 2317 qaod
588 2235 670 2316 feeit,
692 2234 746 2299 sed
766 2233 868 2314 faeere
883 2235 1002 2316 arripio
1017 2239 1157 2317 praem
1209 2235 1410 2312 haesitando,
1441 2254 1609 2316 nunquam
1636 2232 1865 2311 exaudientur,
1895 2244 1932 2296 ut
1961 2230 2068 2312 inquit
2088 2229 2185 2295 Inoo·

181 2328 281 2386 taerc:
302 2322 379 2402 qaia
398 2341 464 2385 non
483 2321 521 2385 dc
535 2321 749 2401 assonatione
769 2324 891 2384 taratara
908 2320 1020 2385 decreti
1040 2321 1156 2402 apitnr,
1208 2320 1269 2386 bus
1292 2319 1336 2406 (1,
1359 2320 1402 2406 6).
1446 2319 1589 2385 Proinde
1611 2319 1772 2384 sorbonioi
1796 2318 1960 2400 sophistae
1982 2335 2081 2399 quum
2105 2314 2185 2379 hae-

179 2407 294 2472 sedda
323 2407 394 2487 ipsa
416 2406 623 2472 ordinatione.-
651 2425 731 2486 gnae
751 2406 878 2469 tametsi
904 2406 1009 2470 omnia
1030 2406 1157 2470 sacaria
1208 2408 1306 2471 eitare
1322 2407 1531 2489 praecipiant,
1554 2407 1705 2470 nesciunt
1726 2405 1804 2487 quid
1828 2405 1870 2469 sit
1887 2402 1995 2468 Deum
2019 2403 2185 2466 insonare.

172 2493 355 2576 praestetit,
388 2497 502 2558 retenta
528 2491 594 2574 fait
613 2492 650 2556 in
671 2490 734 2557 Dei
755 2491 830 2556 eina
851 2511 951 2572 nepae
971 2492 1015 2557 ad
1038 2490 1157 2556 Christi
1294 2493 1344 2558 13.
1379 2492 1482 2573 <inore
1501 2497 1570 2577 peto
1591 2512 1628 2556 ne
1650 2491 1812 2572 deficiatia
1863 2489 1934 2553 Iam
1964 2487 2056 2552 vides
2085 2507 2185 2568 quor·

178 2578 467 2660 manifestationum.
1207 2600 1279 2644 sum
1299 2580 1391 2659 prius
1409 2579 1521 2643 feeerit
1535 2578 1734 2643 mentionem
1752 2576 1974 2642 vinculorum:
1998 2595 2039 2639 ne
2056 2571 2185 2639 soilioet

269 2664 318 2729 12.
341 2662 405 2728 Per
425 2683 514 2744 quern
535 2662 683 2728 habemas
703 2661 881 2727 andaciam.
919 2660 1082 2745 Significat
1102 2662 1157 2730 hoe
1208 2664 1456 2731 debilitarentur
1478 2664 1606 2740 animis,
1628 2664 1740 2727 audita
1759 2663 1831 2727 eius
1853 2660 2112 2744 persequutione.
2149 2655 2185 2724 Ο

179 2750 306 2815 honoris
327 2749 467 2816 dandam
489 2768 553 2813 esee
577 2747 710 2827 Christo,
742 2753 778 2812 nt
804 2750 858 2812 tati
889 2749 1004 2812 mando
1031 2754 1156 2828 patrem
1208 2764 1319 2834 pentus
1334 2751 1510 2825 heroicum,
1531 2749 1613 2831 qnod
1630 2770 1672 2814 ex
1694 2769 1823 2814 oereere
1844 2760 1878 2812 et
1892 2759 1995 2811 morte
2017 2745 2089 2827 ipsa
2107 2766 2186 2828 sug·

181 2833 326 2900 eoneiiiet.
382 2833 530 2899 Gratiam
555 2832 636 2899 hanc
660 2854 682 2899 a
708 2835 814 2916 fracta
840 2834 1045 2899 commendat:
1078 2837 1156 2914 qaia
1208 2839 1340 2919 gerebat
1373 2836 1446 2900 aliis
1479 2834 1748 2913 consolationem,
1784 2835 1840 2916 qui
1873 2843 1967 2896 extra
1999 2829 2183 2914 perieulum

38 2926 48 2945 ⁰
180 2921 273 2984 sinn
293 2921 465 2984 commanis
483 2919 623 3002 gnshbns
644 2919 792 3001 miticies,
815 2918 862 2983 ita
883 2920 919 2984 in
933 2918 997 2985 Dei
1018 2938 1156 2999 morspec·
1207 2936 1309 2986 erant.
1356 2921 1639 2986 Afflictionee
1671 2942 1707 2985 se
1740 2941 1799 3002 pro
1831 2919 1984 3001 Ephesiis
2017 2917 2185 2982 sustinere

180 3012 247 3070 tam
269 3025 325 3070 eas
345 3005 490 3069 admittit.
535 3003 670 3085 Quoties
696 3009 800 3070 namna
822 3024 882 3069 noe
903 3025 962 3086 per
985 3004 1154 3070 Christum
1206 3018 1446 3082 commemorat,
1469 3007 1546 3089 quia
1560 3007 1717 3071 dedebant
1736 3007 1772 3069 in
1795 3007 1919 3087 piorum
1934 3002 2079 3068 omnium
2096 3000 2185 3066 aedi·

180 3091 312 3156 eteius
342 3090 438 3155 fidem
461 3090 584 3156 Paulus
613 3091 783 3172 ooniuugit
806 3089 887 3167 Deo,
916 3090 1028 3155 subest
1057 3095 1154 3156 taeita
1207 3094 1402 3158 linationem.
1443 3091 1577 3173 Quanta
1599 3093 1685 3156 enim
1708 3092 1782 3155 fidei
1804 3092 2004 3156 confirmatio
2028 3089 2104 3153 inde
2126 3110 2184 3170 po·

179 3176 363 3254 antithesis,
397 3197 479 3260 quas
507 3196 620 3242 omnes
652 3175 734 3239 alios
763 3175 872 3240 aditus
897 3174 1043 3252 obstruit,
1074 3177 1154 3243 alios
1177 3222 1181 3271 ,
1207 3179 1283 3260 pulo
1300 3180 1432 3257 aceedit,
1465 3199 1565 3262 quum
1590 3181 1676 3242 vitae
1698 3179 1829 3260 propria
1851 3178 1975 3241 iaetura
1998 3175 2184 3240 doetrinam

179 3282 293 3328 omnes
315 3263 551 3328 coniunctionis
573 3259 683 3327 modos
705 3260 798 3326 tollit
835 3259 901 3326 Hio
923 3274 1034 3325 tamen
1058 3263 1153 3327 babe-
1177 3280 1180 3331 t
1205 3284 1298 3329 suam
1334 3277 1442 3346 pastor
1475 3266 1603 3331 sanoire
1635 3285 1701 3328 non
1736 3262 1886 3330 dubitat?
1936 3261 2047 3343 Quare
2081 3261 2184 3324 etiam

180 3370 255 3414 mus
277 3349 438 3432 insignem
470 3359 504 3412 et
525 3348 733 3412 utilissimam
762 3347 962 3412 doctrinam:
992 3348 1153 3429 siquidem
1177 3334 1181 3431 l
1204 3351 1303 3430 addit,
1326 3371 1425 3431 quae
1447 3360 1509 3415 est
1526 3349 1727 3434 gloriatio
1749 3360 1901 3414 vestra.
1941 3347 2026 3411 Nam
2042 3348 2088 3410 ita
2105 3346 2184 3411 illu·

182 3445 320 3518 atquae
349 3434 424 3499 fidei
455 3437 505 3498 vis
527 3434 571 3499 sit
593 3453 631 3498 ao
654 3443 780 3511 natura,
810 3433 978 3516 eleganter
999 3435 1155 3516 exprimit
1177 3434 1180 3487 ἶ
1204 3435 1369 3500 atrabatur
1401 3437 1470 3501 eius
1500 3436 1705 3519 praedieatio,
1739 3445 1778 3499 ut
1809 3435 1963 3500 ecelesiae
1984 3452 2111 3511 omnes,
2143 3430 2182 3497 in

178 3521 313 3594 Paulus,
335 3529 474 3601 atquae
496 3519 615 3584 fidnoia
637 3520 672 3582 in
694 3539 775 3583 vera
797 3518 858 3583 Dei
880 3519 1085 3583 invooatione
1107 3541 1156 3584 re·
1177 3530 1181 3595 l
1204 3524 1322 3604 quibus
1349 3522 1510 3599 docuerat,
1540 3523 1656 3585 merito
1684 3520 1903 3603 gloriarentur
1932 3540 1967 3585 se
1993 3519 2091 3584 fidem
2120 3516 2181 3582 ba·

178 3608 336 3689 quiratur.
382 3606 433 3670 De
455 3604 530 3669 fidei
552 3605 670 3670 effoeta
692 3616 725 3668 et
746 3604 862 3669 offitiis
883 3606 912 3668 si
933 3606 1073 3669 multum
1097 3626 1153 3669 no·
1177 3608 1180 3633 ¹
1206 3612 1281 3672 bere
1303 3608 1426 3690 optimo
1449 3609 1583 3690 pignore
1605 3606 1856 3688 comprobatam.

180 3691 302 3758 bisoum
335 3691 464 3774 litigent
496 3693 661 3773 papistae,
695 3711 760 3754 non
793 3698 844 3756 est
875 3690 1012 3754 mirum:
1049 3648 1181 3772 nequei

180 3781 266 3841 enim
304 3777 383 3860 quid
415 3777 477 3841 sibi
514 3777 594 3841 velit
631 3776 735 3840 fidei
772 3775 974 3851 vocabulum,
1011 3768 1181 3858 sapiunt!
1292 3778 1342 3842 14.
1376 3777 1485 3843 Huius
1516 3778 1565 3844 rei
1594 3779 1702 3861 gratia
1730 3778 1816 3857 liceto
1847 3797 1952 3859 penna
1983 3775 2026 3841 ad
2053 3778 2183 3856 patrem

180 3861 274 3943 Quod
298 3884 339 3926 ex
362 3864 523 3946 praesenti
550 3863 620 3928 loeo
642 3872 774 3944 possent
796 3861 931 3942 disoere,
960 3862 1023 3925 nisi
1045 3867 1155 3926 essent
1177 3862 1181 3909 ¹
1205 3863 1337 3930 Domini
1368 3865 1468 3928 nostri
1490 3862 1567 3929 Iera
1591 3863 1721 3937 Christi,
1767 3863 1819 3930 15.
1851 3883 1891 3928 ea
1912 3882 1972 3944 qtae
1998 3863 2100 3926 onmis
2131 3880 2182 3928 eo·

179 3948 271 4014 falsis
293 3949 497 4031 opinionibus
520 3949 584 4012 iam
607 3949 844 4031 praeooenpati.
889 3946 1037 4011 Primum
1056 3948 1152 4011 fidem
1201 3951 1308 4034 petatio
1329 3949 1364 4014 in
1385 3950 1478 4014 coeth
1505 3955 1534 4014 ct
1554 3970 1650 4030 saper
1677 3955 1795 4016 terram
1823 3949 2012 4025 norninatnr,
2058 3947 2111 4012 16.
2144 3952 2184 4012 ast

181 4034 306 4100 Christi
329 4036 477 4097 nominat
498 4033 633 4110 Paulus,
667 4034 856 4115 signifioans
882 4033 917 4096 in
941 4032 1073 4098 Christo
1095 4054 1154 4099 no·
1204 4037 1253 4101 det
1273 4034 1360 4100 vobis
1379 4035 1546 4101 secundnm
1567 4036 1697 4101 divitias
1717 4036 1839 4117 gloriae
1870 4055 1948 4100 snae
1967 4034 2107 4116 mimda
2127 4052 2182 4098 ro-

177 4119 228 4184 bis
250 4119 432 4183 exbibitum
455 4119 610 4201 quidquid
635 4121 794 4201 respicere
815 4119 911 4183 debet
927 4119 1016 4183 fides.
1057 4118 1153 4185 Unde
1203 4122 1311 4186 borari
1336 4141 1398 4201 per
1429 4122 1578 4201 spiritam
1608 4141 1701 4186 sama
1736 4123 1772 4186 in
1803 4121 1957 4185 hominem
1989 4119 2182 4202 interiorem,

179 4207 335 4286 sequitur,
366 4206 486 4269 nudam
511 4217 543 4270 et
572 4207 736 4269 contusam
759 4204 799 4269 de
822 4203 892 4268 Deo
917 4204 1065 4269 notitiam
1088 4226 1152 4269 non
1206 4207 1256 4271 17.
1278 4212 1312 4271 at
1330 4205 1477 4271 inhabitet
1499 4205 1644 4272 Christus
1655 4226 1716 4288 per
1731 4206 1825 4286 naen
1842 4208 1878 4270 in
1894 4205 2042 4271 cordibae
2056 4204 2182 4287 venen,

181 4291 363 4355 habendam
394 4312 465 4356 esse
487 4311 546 4373 pro
568 4290 641 4367 fide,
670 4288 727 4353 sed
749 4309 834 4372 quae
862 4291 896 4352 in
919 4290 1087 4355 Christum
1118 4312 1154 4355 ee
1202 4298 1237 4356 at
1258 4294 1331 4357 sitis
1351 4293 1387 4357 in
1407 4294 1539 4358 caritate
1556 4293 1693 4358 radicati
1721 4292 1906 4374 citandati,
1952 4290 2002 4356 18.
2031 4310 2092 4375 gno
2123 4308 2184 4354 oo-

181 4375 304 4459 dirigit,
336 4389 372 4440 ut
400 4377 467 4442 illia
496 4376 603 4440 Deum
631 4387 785 4456 quaerat:
815 4375 900 4455 quod
929 4378 1000 4440 fieri
1031 4377 1152 4458 nequit,
1202 4378 1293 4443 tentis
1312 4377 1564 4459 comprehendere
1580 4399 1649 4444 cnm
1671 4378 1813 4443 omnibns
1829 4379 1949 4444 sonno
1968 4397 2048 4459 patae
2064 4376 2110 4442 aa
2129 4379 2180 4444 in·

179 4462 244 4526 nisi
277 4482 377 4545 quum
411 4462 606 4545 intelligitur
635 4461 761 4525 Christi
795 4462 902 4524 virtue
935 4474 968 4525 et
1001 4463 1151 4528 otfioium.
1202 4465 1308 4545 titado,
1327 4463 1534 4546 etlongitado,
1549 4462 2005 4545 etprofmaditae,etattitado:
2046 4462 2097 4526 19.
2130 4481 2183 4530 aa·

180 4547 234 4612 Ex
256 4548 321 4613 fide
342 4548 505 4630 procreari
527 4548 620 4611 dooet
642 4546 809 4611 audatiam
832 4560 864 4611 et
886 4545 1054 4611 fiduciam:
1077 4569 1154 4630 qua·
1200 4570 1354 4633 gnoscere,
1376 4550 1513 4631 inquam,
1535 4551 1728 4615 ditectionem
1741 4549 1868 4626 Christi,
1891 4549 2183 4631 praecognitionem

180 4654 253 4697 rum
278 4634 358 4699 haee
385 4634 500 4698 ordino
523 4635 619 4716 prior,
649 4633 787 4697 alteram
810 4632 928 4697 deinde
953 4653 1063 4698 seeum
1087 4647 1153 4699 tra·
1203 4640 1383 4717 exsuperat:
1397 4635 1667 4718 ntoomptetieitis
1681 4637 1716 4699 in
1731 4655 1850 4701 omnem
1859 4635 2089 4715 plenitudinem
2105 4634 2182 4702 Dei.

180 4720 241 4784 hit.
284 4721 365 4784 'l'res
395 4723 505 4801 itaque
534 4719 655 4802 gradus
682 4730 761 4783 sunt
788 4718 935 4783 faciendi.
981 4720 1064 4783 Nam
1088 4723 1154 4802 pri·

179 4827 270 4870 mum
288 4804 350 4869 Dei
373 4805 640 4886 promissionibus
660 4804 831 4869 oredimus.
878 4805 1005 4869 Deinde
1027 4804 1079 4869 his
1101 4827 1153 4871 ao·
1290 4806 1341 4870 14.
1375 4807 1484 4871 Haiae
1508 4808 1565 4873 rei.
1610 4807 1729 4871 Prooes
1756 4827 1813 4887 pro
1842 4804 1907 4870 illis
1937 4827 2012 4871 suae
2038 4826 2182 4872 oomme·

179 4894 397 4974 quiescentes,
431 4892 630 4973 oonoipimus
663 4890 829 4967 fidutiam,
867 4902 903 4955 ut
934 4891 1018 4955 bono
1049 4891 1153 4957 simus
1204 4906 1315 4970 morat,
1345 4913 1410 4957 uon
1434 4904 1562 4957 tantum
1593 4893 1644 4957 eui
1667 4912 1745 4974 erga
1766 4891 1839 4957 illos
1867 4892 2005 4958 affectus
2034 4891 2180 4957 testandi

180 4977 421 5060 tranquilloque
443 4979 562 5040 animo.
607 4975 696 5040 Hine
722 4977 871 5058 sequitur
899 4977 1041 5054 audacia,
1069 4997 1153 5058 quae
1203 4998 1310 5057 eausa,
1332 4977 1389 5043 sed
1411 4979 1508 5044 etiam
1533 4990 1569 5043 ut
1590 4976 1740 5044 similiter
1762 4978 1822 5059 ipsi
1845 4998 1974 5060 quoqne
1994 4989 2181 5060 precentur.

181 5061 259 5128 facit
279 5073 316 5128 ut
337 5063 508 5146 profligato
530 5072 619 5127 metu
642 5062 805 5144 intrepide
827 5074 860 5126 et
885 5077 1072 5127 constanter
1095 5084 1153 5128 nos
1202 5063 1342 5129 Frustra
1364 5066 1450 5129 enim
1475 5066 1580 5128 omnis
1602 5064 1749 5130 doctrina
1770 5066 1947 5147 spargitur,
1975 5063 2038 5128 nisi
2061 5062 2180 5128 Domi·

180 5147 252 5212 Deo
274 5150 546 5214 sommendemue.
592 5148 706 5212 Fidem
735 5149 788 5230 qui
809 5168 829 5211 a
852 5147 968 5213 fidutia
989 5161 1151 5229 separant,
1203 5170 1265 5213 nus
1288 5170 1348 5214 sua
1379 5150 1601 5215 benedictione
1629 5170 1699 5214 eam
1729 5149 1889 5215 tenundet.
1933 5148 2072 5214 Disoant
2098 5170 2184 5235 ergo

179 5235 313 5316 perinde
337 5237 460 5302 laniunt
483 5255 520 5299 ao
542 5234 569 5297 si
590 5235 663 5315 quis
685 5248 822 5299 conetur
843 5253 981 5298 sauma
1010 5233 1077 5299 sole
1099 5254 1151 5299 oa·
1203 5246 1351 5317 pastores
1378 5235 1528 5318 exemplo
1551 5235 1656 5316 Pauli,
1686 5256 1751 5301 non
1783 5245 1912 5301 tentum
1941 5235 2116 5301 admonere
2146 5246 2183 5302 et
