4762 6016
186 322 251 389 419
915 316 1057 384 artur.
1080 316 1223 384 PAULI
1245 316 1309 383 AD
1332 316 1479 384 'I'lllUM
2130 312 2196 379 420

189 525 295 581 tamen
319 521 440 598 servat,
463 533 505 579 ne
528 511 676 578 diffidere
698 511 769 579 eius
790 510 983 597 prudentiae
1005 511 1164 578 videatur.
1215 510 1283 578 sint
1304 531 1342 577 aa
1363 508 1552 590 meledioae,
1581 509 1645 575 nisi
1667 508 1706 575 de
1735 507 1884 574 omnibus
1911 507 2095 574 detrahant.
2138 507 2193 575 Its

189 602 366 667 Praeterea
387 601 422 665 in
444 597 728 666 exhortationibus
751 596 823 663 ideo
845 605 895 663 est
916 597 1058 682 longior,
1088 599 1165 681 quia
1216 597 1255 662 fit
1277 602 1314 662 ut
1335 596 1466 662 vetulae
1492 614 1729 680 saepenumero
1749 593 1951 662 oalnmniosa
1972 615 2031 660 sua
2053 594 2192 679 garruli·

188 688 364 772 praeeipue
386 685 427 751 ad
450 694 582 752 sanetae
604 690 638 749 et
660 681 817 750 honestae
840 684 926 750 vitae
947 682 1094 748 studium
1117 702 1165 748 re-
1216 691 1294 762 tate,
1323 683 1416 766 quasi
1440 683 1509 749 laoe
1531 680 1670 764 ardenti,
1699 681 1820 746 multas
1842 679 1954 747 domos
1975 681 2193 747 inflamment.

187 772 441 854 vooandierant,
456 772 511 856 qui
532 769 645 836 otiosis
661 777 788 836 tantum
811 767 1056 852 quaestionibus
1070 777 1165 834 erant
1216 768 1342 834 Multae
1364 768 1459 833 etiam
1483 765 1614 833 bibulae
1635 778 1729 833 sunt:
1752 787 1816 850 quo
1843 768 1880 832 fit
1902 776 1940 833 ut
1961 767 2140 832 modestiae
2161 777 2194 832 et

187 858 317 924 intenti.
360 854 452 922 Nihil
474 856 562 921 enim
590 855 746 939 estquod
769 875 886 938 vagam
916 853 1084 919 hominum
1107 874 1162 919 ou·
1216 853 1389 939 gravitatis
1411 851 1531 918 oblitae
1551 852 1741 919 indeoeoter
1767 852 1979 937 proterviant.
2018 852 2194 919 Caeterum

189 943 369 1010 riositatem
392 941 510 1008 melius
536 950 732 1026 oompeseat,
762 959 860 1023 qnam
884 938 962 1005 dum
984 947 1165 1024 agnosonnt
1216 960 1280 1023 quo
1312 939 1417 1024 magis
1448 945 1595 1005 attentae
1627 939 1694 1005 siut
1727 938 1769 1004 ed
1801 938 1955 1020 offioium,
1989 939 2093 1019 doeet,
2127 960 2194 1005 non

188 1030 221 1096 in
244 1029 363 1113 quibus
384 1049 420 1094 se
441 1028 555 1094 offitiis
578 1047 729 1094 exeroere
751 1024 899 1092 debeant.
1215 1025 1296 1091 satis
1318 1026 1440 1091 essaei
1470 1025 1607 1090 honeste
1632 1025 1694 1090 sibi
1725 1025 1850 1108 vivant,
1881 1025 1944 1090 uisi
1970 1025 2067 1091 etiam
2097 1023 2194 1090 adu-

273 1113 304 1179 2.
339 1111 435 1180 Serae
462 1118 499 1178 ut
519 1111 617 1180 sobrii
643 1114 718 1179 sint.
762 1112 815 1178 ab
842 1110 960 1177 olfioiis
988 1110 1162 1193 partioula·
1215 1110 1479 1177 lesoentulas
1507 1111 1669 1176 institutis
1696 1111 1764 1177 suis
1786 1109 1928 1177 forment
1956 1110 1997 1176 ad
2020 1110 2194 1176 honestam

188 1201 279 1267 ribus
306 1199 438 1283 ineipit,
467 1218 531 1283 quo
561 1199 668 1283 magis
695 1196 862 1281 popularis
890 1197 934 1262 sit
963 1216 1078 1263 sermo.
1122 1194 1164 1261 Id
1215 1217 1254 1262 ae
1276 1195 1426 1281 pudieam
1447 1197 1558 1262 vitam.
1604 1195 1683 1261 Ideo
1704 1195 1805 1274 addit,
1827 1206 1867 1261 ut
1887 1215 1948 1262 suo
1971 1195 2123 1281 exemplo
2144 1196 2193 1262 in·

187 1295 295 1352 autem
320 1285 397 1352 laoit
419 1304 487 1350 uon
510 1285 606 1349 modo
635 1291 672 1349 ut
693 1304 728 1349 se
757 1290 954 1365 attemperet
984 1281 1026 1348 ad
1050 1301 1163 1347 eorum
1215 1281 1323 1348 nieres
1344 1281 1486 1347 reddant
1508 1289 1728 1365 temperantes
1749 1291 1782 1346 at
1803 1302 1938 1366 graves:
1962 1300 2047 1366 quae
2072 1282 2195 1348 soilioet

188 1381 332 1457 eaptum,
359 1370 417 1436 sed
440 1379 477 1436 ut
498 1370 604 1453 magis
626 1388 893 1453 unumquemque
915 1375 1051 1451 premat.
1096 1366 1163 1435 Ge·
1215 1367 1335 1454 alioqui
1358 1367 1477 1434 aetatis
1497 1367 1626 1434 fervore
1648 1369 1828 1434 exsultant.

188 1457 309 1559 neralis
341 1455 428 1521 enim
455 1454 753 1556 ‘doetrinaminps
786 1454 896 1520 alfioit.
950 1453 1015 1552 Ubi
1036 1462 1163 1553 ‘autem
1300 1455 1330 1520 4.
1354 1452 1626 1554 Amertnmoritoa.
1670 1451 1745 1520 Non
1768 1454 1929 1520 assentior
1951 1452 2001 1538 iis,
2019 1454 2075 1538 qni
2098 1472 2194 1537 prae-

187 1540 488 1706 ttttttftt'l'.
502 1539 1164 1710 tt¹’.03l¹.3.3¹¹;ttl·;..tltdtgttff
1215 1538 2193 1710 :tt‘ttttttttltlldlttztttltlttlatt

186 1713 248 1782 sibi
270 1713 449 1781 aDomino
471 1713 551 1779 satie
574 1710 721 1778 mandari
744 1711 868 1795 negotii
883 1711 917 1775 in
936 1730 1000 1793 quo
1016 1730 1051 1775 se
1073 1731 1164 1775 exer·
1215 1711 1389 1795 expendat,
1422 1711 1517 1776 iaoile
1546 1711 1786 1779 animadvertet
1816 1710 1956 1777 Paulum
1987 1710 2095 1778 offitia
2122 1731 2191 1777 mu·

187 1809 267 1867 oeat.
312 1798 455 1865 Proinde
483 1819 547 1864 uon
578 1795 735 1880 estquod
757 1796 812 1863 hie
841 1795 1031 1862 methodum
1053 1795 1162 1880 requi·
1215 1797 1332 1863 liernm
1355 1798 1516 1881 persequi,
1544 1817 1628 1879 quae
1650 1797 1834 1865 senioribus
1860 1797 1959 1862 etiam
1983 1797 2192 1864 eonveninnt

186 1906 313 1952 ramus:
337 1884 414 1968 qnia
436 1883 609 1949 eonsilium
624 1882 720 1949 Pauli
743 1883 903 1948 duntaxat
925 1881 996 1960 luit,
1019 1881 1164 1947 breviter
1214 1882 1344 1948 Deinde
1358 1883 1557 1950 oonstruotio
1572 1883 1683 1968 inepta
1700 1892 1795 1963 esset,
1819 1880 2047 1968 σωφρονίζωσι,
2071 1881 2194 1968 σώφρο-

186 1970 331 2038 indioare
353 1969 472 2054 quibus
490 1969 531 2034 de
551 1966 650 2034 rebus
667 1967 758 2052 loqui
780 1965 920 2033 debeant
937 1968 984 2051 pii
1006 1966 1162 2050 deuteres,
1215 1987 1272 2046 νας
1294 1965 1381 2034 εἰναι.
1420 1968 1629 2052 Quamquam
1651 1970 1731 2035 dum
1752 1967 2011 2053 proventionibus
2032 1970 2194 2035 matronis

187 2076 255 2122 non
277 2065 387 2121 autem
418 2055 548 2138 plenam
571 2074 683 2120 earum
706 2073 816 2119 rerum
843 2053 1070 2119 traotationem
1093 2073 1164 2118 sus·
1215 2053 1327 2140 quales
1359 2075 1431 2121 esse
1464 2054 1603 2120 debeant
1636 2054 1842 2139 praeseribit,
1878 2055 1978 2120 simul
2010 2054 2193 2122 iunioribus

187 2141 304 2225 oipere.
342 2139 469 2208 Senum
491 2140 641 2206 meminit
662 2139 767 2222 primo
790 2139 870 2204 loeo.
908 2139 975 2204 llos
997 2139 1070 2205 vult
1092 2157 1164 2204 esse
1214 2140 1367 2225 proponit
1389 2139 1473 2225 quod
1496 2150 1675 2224 sequantur
1696 2140 1894 2224 exemplum.
1931 2139 1985 2205 Ita
2007 2141 2193 2225 promisone

187 2227 330 2294 sobrios:
361 2227 437 2310 qnia
468 2226 587 2291 vitium
616 2224 775 2291 senestuti
805 2233 855 2290 est
877 2225 974 2291 nimis
1003 2224 1164 2291 familiare
1215 2236 1371 2309 utrasque
1400 2225 1502 2293 donet.
1546 2225 1586 2291 In
1617 2246 1755 2304 summa,
1790 2226 1862 2292 vult
1894 2226 2050 2292 mulieres
2083 2247 2193 2293 amore

185 2312 352 2380 bibaeitas.
369 2311 588 2390 Gravitatem,
602 2308 853 2394 quameubiioit,
869 2310 1164 2376 ooneiliantmores
1215 2312 1377 2396 ooniugali
1408 2322 1442 2377 et
1471 2312 1648 2378 liberorum
1682 2312 1818 2379 oaritate
1847 2312 1993 2389 retineri,
2023 2333 2066 2378 ne
2086 2311 2193 2378 libidi-

186 2398 270 2464 bene
300 2398 479 2481 oompositi.
536 2396 629 2462 Nihil
659 2397 748 2461 enim
778 2395 904 2462 foedius
933 2415 1031 2478 quam
1062 2415 1164 2462 senex
1215 2399 1305 2464 nosis
1333 2397 1498 2465 amoribus
1522 2419 1558 2464 se
1582 2405 1758 2481 oeoupeut:
1787 2397 1862 2464 vult
1889 2396 1997 2463 sobrie
2026 2407 2060 2463 et
2090 2399 2192 2465 eonti-

186 2483 373 2551 iuveniliter
395 2483 578 2562 lasciviens,
607 2490 639 2548 et
662 2482 717 2567 qni
743 2502 802 2547 sua
824 2481 1062 2549 inoentinentie
1083 2480 1162 2547 adu·
1215 2493 1334 2550 uenter
1367 2483 1499 2550 domum
1533 2504 1626 2550 suam
1655 2505 1786 2568 regere:
1819 2481 1971 2566 prohibet
1999 2484 2032 2548 in
2063 2483 2192 2567 publioo

187 2571 366 2637 lesoentum
389 2568 624 2651 impudentiam
646 2577 757 2651 auget.
794 2567 885 2652 Ergo
906 2567 939 2633 in
956 2587 1070 2632 senum
1093 2567 1164 2632 vita
1215 2570 1344 2655 vagari:
1367 2576 1473 2637 oastas
1495 2590 1567 2637 esse
1587 2569 1688 2651 iubet,
1711 2568 1808 2634 simnl
1831 2578 1941 2634 tamen
1960 2569 2130 2647 modestas,
2155 2578 2191 2634 ut

186 2656 331 2721 reluceat
356 2653 521 2740 σεμνότης,
550 2653 611 2720 hoe
634 2663 694 2737 eat,
723 2652 866 2738 dignitas
894 2653 1051 2803 praedam
1079 2671 1163 2737 quae
1215 2657 1378 2723 sublestae
1410 2658 1477 2723 sint
1509 2647 1656 2723 virorum
1689 2655 1838 2738 imperio.
1888 2654 1976 2721 Nam
2007 2673 2091 2738 quae
2118 2653 2192 2721 aliis

186 2740 411 2806 adnleseentes
432 2741 474 2806 ad
497 2739 730 2806 vereoundiam
752 2746 857 2823 cogat.
913 2739 1162 2823 dpotissimum
1214 2740 1393 2808 virtutibus
1418 2741 1558 2825 pollent,
1591 2741 1758 2806 interdum
1789 2739 1965 2807 ferooiendi
1991 2740 2070 2807 inde
2099 2760 2192 2808 oooa·

186 2834 426 2908 oonsequentur
447 2824 664 2909 temperantia
685 2844 783 2907 quam
806 2845 882 2890 mox
903 2824 1043 2892 subiioit.
1213 2827 1338 2895 sionem
1361 2826 1524 2911 arripiunt
1553 2834 1591 2892 ut
1619 2827 1746 2892 maritis
1771 2846 1889 2910 parum
1910 2826 1978 2892 sint
1998 2827 2192 2912 morigerae.

274 2910 357 2979 Sani
375 2909 446 2993 ride.
483 2909 602 2977 Neseio
622 2930 664 2975 an
686 2909 818 2994 obliqua
838 2911 883 2975 sit
903 2909 1019 2977 allusio
1041 2909 1082 2976 ed
1106 2929 1162 2976 va·
1214 2913 1312 2995 Quod
1327 2918 1434 2979 autem
1460 2913 1560 2992 addit,
1582 2931 1630 2977 ne
1651 2931 1782 2978 sermo
1805 2912 1880 2978 Dei
1903 2912 2007 2980 male
2028 2912 2192 2992 audiat,

186 2997 252 3065 rios
282 3017 396 3063 senum
427 2994 567 3077 morbos,
600 2995 718 3080 quibus
745 3006 888 3080 opponat
918 2995 1006 3064 hana
1033 2996 1163 3061 animae
1212 2999 1344 3084 proprie
1369 2998 1411 3065 ad
1439 2999 1595 3065 mulieres
1620 3007 1767 3082 spectare
1795 3007 1923 3082 putant,
1952 3018 2037 3082 quse
2062 3000 2193 3066 innatae

187 3085 375 3150 sanitatem:
412 3082 495 3149 mibi
527 3088 614 3148 oerte
650 3081 697 3147 ita
716 3081 877 3166 videtur,
915 3082 1046 3147 tametsi
1078 3079 1162 3147 nihil
1214 3094 1308 3151 erant
1325 3085 1407 3151 viris
1423 3083 1611 3162 inmodestis,
1634 3085 1689 3169 qui
1705 3105 1746 3150 ex
1767 3082 1864 3150 malis
1886 3104 2027 3150 uxorum
2045 3085 2192 3152 moribus

185 3169 322 3236 affirmo.
377 3167 549 3236 Summam
582 3175 691 3233 autem
724 3166 923 3234 ohristianae
954 3167 1163 3251 perfeetionis
1213 3177 1366 3255 poterant
1386 3170 1596 3256 evangelium
1618 3170 1798 3237 aestimare.
1832 3168 1937 3255 quue
1952 3169 2086 3237 videtur
2099 3171 2191 3236 Petri

187 3255 241 3321 his
269 3253 374 3322 tribus
401 3252 551 3340 partibus
574 3251 832 3337 eomprehendit,
861 3273 927 3319 non
956 3253 1026 3320 sine
1054 3273 1162 3321 eausa.
1215 3255 1324 3323 verbis
1346 3257 1546 3338 eonfirmari,
1567 3256 1684 3339 prioris
1698 3255 1854 3340 epistolae
1876 3275 1946 3340 oap.
1962 3255 1994 3339 8,
2010 3257 2040 3320 1.
2062 3255 2190 3322 Verum

186 3340 270 3408 Fide
303 3341 390 3407 enim
416 3340 526 3405 Deum
558 3337 711 3405 nolimus:
745 3338 821 3424 quia
853 3359 959 3423 neque
989 3339 1163 3423 invooatio,
1215 3342 1292 3427 quid
1314 3343 1342 3407 ei
1365 3364 1431 3408 non
1454 3342 1494 3409 de
1508 3341 1587 3409 solie
1607 3341 1735 3407 maritis
1748 3341 1924 3426 loquetur?
1958 3343 2102 3409 Etoerte
2117 3360 2190 3425 pro

186 3424 997 3598 tutat*.ttlt}t3¹⁰.t³‘t.⁵tt⁸¹t¹.:ltt
1016 3434 1164 3577 ttltt
1215 3426 2034 3598 ltlttttllttttlldlttffiltttt
2043 3427 2194 3598 ..tut

59 3642 61 3644 -
188 3605 371 3680 praerepta.
425 3595 584 3681 Sequitur
613 3596 840 3680 patientia,
869 3596 963 3679 quasi
992 3597 1163 3679 utriusque
1215 3619 1254 3666 ee
1275 3599 1381 3685 quieto
1401 3599 1501 3682 eapite
1516 3599 1641 3684 priario
1660 3599 1808 3682 opimae
1827 3600 1871 3668 od
1895 3599 2100 3667 Timotbm.

187 3682 441 3750 eondimentum.
475 3683 560 3748 Nam
583 3701 645 3749 neo
666 3681 786 3764 absque
809 3702 848 3746 ea
869 3683 926 3748 diu
944 3691 1046 3748 staret
1067 3683 1164 3749 fides:

186 3781 218 3835 et
241 3768 383 3852 quotidie
405 3768 509 3834 multa
530 3767 691 3847 eooldunt,
723 3788 860 3849 quorum
884 3768 938 3834 vel
959 3767 1163 3851 indignitate,
1301 3770 1332 3837 6.
1355 3768 1501 3837 leniores
1521 3771 1669 3838 mmdihr
1690 3769 1816 3838 bonore
1835 3776 1871 3837 et
1890 3775 2094 3853 temperantes
2113 3772 2194 3838 aiat:

188 3855 239 3920 vel
268 3853 444 3921 acerbitate
472 3854 587 3919 offensi
619 3852 659 3918 ad
686 3853 833 3919 raritatis
862 3854 970 3921 officie
999 3873 1064 3919 non
1094 3853 1163 3918 lan·
1216 3858 1247 3923 l.
1269 3858 1305 3922 ia
1333 3855 1476 3923 munitm
1501 3861 1528 3922 te
1553 3858 1660 3940 psum
1688 3855 1833 3923 redibere
1858 3858 2018 3941 πονηρῶν
2045 3855 2194 3924 boam

187 3940 279 4025 guidi
302 3939 407 4018 medo,
429 3939 485 4005 sed
509 3938 675 4005 exanimes
698 3958 854 4018 essemus,
885 3941 950 4006 nisi
972 3938 1086 4006 eadem
1108 3959 1164 4022 pa·
1215 3963 1342 4028 operum
1362 3944 1399 4007 ia
1419 3942 1569 4025 ἀοιινὲηα,
1595 3944 1814 4027 temeritates,
1833 3944 2030 4029 parmam,
2075 3942 2105 4008 8.
2127 3963 2193 4009 ser·

186 4025 303 4093 tientia
324 4044 384 4090 nos
405 4026 590 4092 sustineret.
1215 4048 1335 4095 mortem
1355 4048 1479 4112 aarum,
1508 4027 1825 4111 irreprebmsibe'lam:
1848 4034 1884 4095 et
1910 4029 2115 4095 adremaro

273 4111 304 4176 3.
333 4109 428 4177 Areus
453 4110 609 4176 similiter.
658 4108 829 4176 Matronas
859 4119 965 4177 aetate
993 4119 1164 4195 proveetas
1214 4114 1320 4197 defiat,
1341 4113 1425 4179 nibil
1443 4113 1559 4180 tobosa
1580 4115 1662 4196 qued
1681 4116 1720 4182 de
1740 4113 1825 4182 robis
1845 4114 2035 4198 obloquatur.
2069 4113 2100 4180 9.
2180 4151 2194 4164 -

187 4207 225 4263 ut
245 4197 426 4281 plurimum
450 4196 560 4264 vidore
575 4204 626 4263 est
648 4202 706 4260 aut
728 4195 849 4263 lasoive
868 4197 976 4264 adhue
997 4218 1033 4263 se
1047 4197 1163 4277 solere,
1214 4221 1269 4267 ooo
1289 4205 1324 4265 ut
1343 4200 1479 4266 maian
1506 4201 1576 4267 auia
1596 4199 1725 4266 subiecti
1745 4202 1820 4281 sint
1848 4203 1884 4267 ie
1909 4201 2052 4267 omntbeee
2066 4201 2193 4283 plaeere

187 4292 245 4347 aut
272 4282 395 4367 aliquid
425 4282 546 4348 habere
571 4281 607 4346 in
629 4282 752 4347 vestitu
781 4283 1059 4368 superstitiosuma
1089 4303 1163 4348 raro
1214 4287 1379 4367 studentes,
1411 4306 1472 4352 nore
1501 4291 1740 4368 responsatores,
1796 4287 1847 4352 10.
1880 4305 1942 4353 aaa
1971 4288 2105 4370 smeret,
2138 4285 2194 4353 aad

186 4368 333 4435 medium
366 4376 487 4434 tenent
542 4367 616 4433 Utri
640 4388 681 4431 ue
720 4368 799 4434 vitio
835 4389 1006 4436 oeourrere
1038 4369 1164 4435 Paulus
1212 4373 1311 4455 fidem
1331 4391 1449 4437 omrem
1478 4372 1663 4438 sommas
1683 4371 1808 4439 beram
1836 4377 1871 4439 ut
1889 4373 2062 4439 dederam
2086 4392 2191 4439 smo-

185 4454 298 4532 voluit,
327 4453 459 4519 modum
488 4456 630 4536 praeseri
653 4473 712 4519 ens
742 4454 796 4538 qui
825 4465 859 4520 et
885 4454 1001 4520 deooro
1031 4463 1065 4519 et
1086 4454 1162 4520 reli-
1214 4459 1292 4525 toria
1312 4458 1414 4523 naabi
1433 4455 1498 4523 Dei
1518 4462 1625 4523 meret
1643 4459 1680 4524 in
1701 4457 1851 4524 maibew.

188 4540 282 4626 gioni
315 4543 491 4639 oongruat:
525 4544 584 4604 aut
611 4540 638 4603 si
668 4540 774 4639 mavis
804 4540 993 4623 simplicius,
1026 4550 1063 4605 ut
1091 4541 1163 4624 ipso

187 4624 860 4809 llll?udtiddlbldlloadditamqodlbdlsmferse⁰
882 4631 1163 4793 dbdeoxlzteddldl,
1214 4627 1540 4797 instigilpbmedt:
1562 4627 2192 4802 ldltddnedaddndlrl‘udlulednobdlallldldl

189 4797 331 4881 eorrigit,
367 4796 445 4862 dum
478 4797 825 4864 salumnratrroes
856 4818 894 4864 aa
926 4799 1059 4864 vinosae
1091 4818 1163 4866 esse
1214 4807 1315 4865 totam
1349 4799 1493 4864 hominis
1524 4809 1668 4865 mentem
1701 4807 1805 4864 sanat.
1850 4801 1941 4886 Ergo
1973 4800 2110 4884 perinde
2143 4812 2192 4866 est

188 4887 289 4948 vetat.
333 4881 529 4965 Loquacitas
557 4881 690 4947 morbus
719 4891 769 4947 est
800 4883 987 4950 muliebris:
1014 4904 1088 4949 eum
1111 4903 1161 4949 se·
1213 4905 1251 4951 eo
1273 4887 1300 4948 ei
1324 4883 1453 4962 dieasse,
1482 4884 1565 4950 bene
1586 4881 1780 4966 oompositoe
1810 4893 1845 4951 et
1873 4887 1994 4953 rationi
2023 4885 2191 4970 obtempe-

187 4974 302 5034 neotus
331 4987 452 5053 augere
479 4967 571 5033 solet.
617 4966 696 5033 Huo
725 4968 848 5035 aooedit
875 4967 962 5053 qued
988 4969 1048 5035 sibi
1079 4990 1161 5034 uun·
1211 4980 1332 5036 rantes.

188 5074 286 5138 quam
309 5053 389 5120 satis
415 5053 553 5120 disertae
581 5051 733 5120 videntur
755 5055 919 5136 mulieres,
949 5055 1014 5122 nisi
1035 5054 1161 5122 dioaoes
1300 5056 1329 5122 7.
1355 5055 1400 5120 Te
1420 5055 1525 5136 msam
1547 5052 1699 5119 exbibens.
1744 5053 1830 5121 Nam
1853 5076 1969 5139 parum
1991 5058 2112 5141 alioqui
2135 5077 2191 5124 sn·

1213 5142 1355 5207 toritatis
1377 5140 1508 5206 habebit
1531 5138 1687 5217 doetrina,
1711 5139 1775 5204 nisi
1796 5141 1832 5204 in
1854 5142 1922 5208 vita
1944 5144 2097 5228 episeopi,
2121 5153 2193 5209 tan-

274 5241 297 5313 ι)
313 5240 424 5299 cuim,
1213 5246 1310 5308 quam
1333 5227 1368 5291 in
1391 5222 1529 5308 speoulo,
1553 5224 1604 5289 vis
1626 5221 1696 5289 eius
1711 5233 1744 5289 et
1765 5226 1919 5293 maiestas
1934 5229 2070 5296 eluoeat.
2109 5227 2192 5295 Vult
