4740 6016
179 347 244 417 aab
690 347 834 414 EPIST.
856 346 998 415 PAULI
1022 345 1086 413 AD
1108 292 1393 415 ‘rlbtoufluUbt
1414 347 1432 412 1
1454 349 1602 417 CAPUT
1626 349 1685 415 VI.
2125 354 2192 422 336

180 540 284 626 igitur
312 545 350 603 ut
377 536 552 620 diligenter
573 547 744 601 conservet
764 534 849 617 quod
872 536 935 599 sibi
958 537 1068 600 datum
1092 547 1157 601 est:
1211 556 1270 600 nec
1292 537 1356 600 alio
1378 537 1474 603 titulo
1491 558 1586 621 posse
1603 541 1711 619 aptius
1730 538 1903 623 designari.
1941 542 1986 604 lit
2003 559 2091 608 certe
2109 543 2191 613 haee

180 625 234 694 rel
255 625 364 707 potius
385 622 474 706 spnd
492 641 527 688 se
549 620 742 703 depositum,
765 641 807 685 ne
828 622 972 702 patiatur
994 621 1158 704 corrumpi
1210 620 1390 688 iustissima
1418 632 1469 688 est
1498 622 1663 688 humanae
1684 626 1891 707 arrogantiae
1911 644 2029 708 poena,
2058 635 2096 693 ut
2117 632 2190 711 qui·

180 711 233 779 rel
262 708 457 774 adulterari:
491 707 544 774 vel
572 727 615 772 ne
642 726 679 772 ιι
706 706 814 790 ipsum
843 707 951 789 privet
978 725 1016 771 ao
1043 707 1159 789 spoliet
1210 727 1338 789 cunque
1366 706 1567 793 degenerant
1594 728 1614 773 a
1639 709 1820 794 scripturae
1842 711 1994 792 puritate,
2024 715 2192 796 profanes-

180 795 312 881 propria
333 794 440 876 eulpa.
485 790 591 877 Saepe
613 792 699 857 enim
722 792 925 876 ingratitudo
958 802 1071 857 nostra
1101 799 1159 858 aut
1211 800 1298 858 cant.
1336 791 1448 873 Quare
1469 814 1537 859 non
1559 804 1696 877 possunt
1718 796 1816 860 nimis
1838 795 1953 861 sedulo
1976 799 2096 865 intenti
2119 823 2190 869 esse

181 883 343 947 donorum
361 878 427 945 Dei
448 879 568 945 abusus
590 877 668 944 lacit
690 885 727 943 ut
748 878 821 960 ipsa
842 877 937 943 nobis
956 878 1158 944 auferantur.
1211 878 1366 944 ecclesiae
1389 878 1536 946 doctores
1559 880 1601 945 ad
1617 880 1781 947 cavendas
1799 880 1958 948 eiusmodi
1976 887 2189 968 corruptelas,

180 966 323 1032 Proinde
345 964 555 1032 Timotheum
577 963 732 1029 admonet
753 963 888 1040 Paulus,
916 971 952 1029 ut
973 964 1058 1029 bona
1080 983 1158 1028 oon·
1212 972 1245 1029 ιι
1283 964 1457 1030 arcendam
1496 964 1573 1031 inde
1608 967 1827 1032 iuventutem.
1885 967 1991 1034 Vetus
2025 971 2191 1055 interpres

181 1054 318 1121 scientia
338 1058 492 1135 rectoque
514 1069 574 1116 usu
598 1049 684 1134 quod
711 1048 774 1115 sibi
791 1048 1000 1115 commissum
1018 1056 1069 1116 ιιι
1082 1068 1160 1116 eon·
1212 1049 1425 1134 misequitur
1446 1051 1557 1136 legens
1575 1072 1650 1118 oum
1669 1051 1883 1137 diphthongo,
1905 1055 2078 1120 transtulit
2098 1061 2190 1124 novi·

180 1159 314 1206 servare
336 1138 476 1204 studeat.
1213 1145 1305 1202 tates.
1342 1138 1387 1201 Et
1409 1146 1544 1219 apparet
1565 1159 1606 1202 ex
1628 1147 1780 1204 veterum
1801 1140 2056 1219 commentariis,
2078 1141 2189 1209 lectio·

267 1224 423 1293 means
445 1222 612 1305 mosanas.
656 1220 733 1287 Huc
754 1229 883 1304 spectat
904 1220 1092 1300 admonitio,
1121 1228 1160 1285 ut
1212 1242 1288 1287 nem
1311 1222 1397 1288 hano
1417 1224 1495 1288 olim
1517 1222 1618 1289 fuisse
1638 1233 1803 1307 receptam
1825 1227 1912 1289 inter
1933 1226 2062 1309 multos,
2093 1249 2189 1312 quam

181 1313 330 1378 intentus
359 1311 403 1376 sit
432 1310 466 1375 iu
496 1308 634 1374 solidam
664 1306 861 1372 doctrinam:
891 1306 975 1390 quod
997 1308 1069 1372 fieri
1092 1325 1159 1371 non
1213 1309 1420 1373 nuncetiam
1443 1310 1551 1392 graeei
1573 1308 1706 1392 quidam
1728 1311 2027 1378 oodioesretinent.
2062 1314 2189 1380 Verum

181 1407 291 1482 potest
323 1398 404 1480 quin
437 1394 479 1460 ab
510 1394 729 1459 ostentatione
759 1392 941 1458 abhorreat.
991 1392 1074 1458 Nam
1103 1390 1160 1457 ubi
1212 1394 1301 1476 prior
1311 1394 1377 1474 illa,
1399 1414 1496 1476 quam
1515 1404 1671 1477 sequutus
1688 1415 1771 1473 snm,
1793 1395 1891 1481 longe
1905 1397 2023 1463 melius
2037 1400 2189 1482 quadrat

182 1489 301 1569 regnat
321 1480 473 1565 placendi
495 1480 639 1563 ambitio,
663 1477 791 1543 nullum
810 1477 951 1561 amplius
965 1478 1057 1562 viget
1074 1478 1160 1545 aedi·
1298 1478 1343 1544 at
1363 1481 1575 1561 oppositiones
1620 1480 1694 1546 Hoc
1716 1502 1844 1565 quoque
1865 1481 2034 1548 admodum
2056 1487 2190 1569 proprie

182 1568 343 1636 ficationis
358 1566 514 1633 studium.
551 1564 695 1631 Proinde
709 1584 811 1647 quum
824 1565 1022 1629 mentionem
1037 1565 1161 1629 laceret
1213 1571 1247 1628 et
1274 1565 1451 1650 eleganter.
1496 1567 1639 1632 Tantum
1669 1567 1757 1632 enim
1787 1569 1924 1633 tumoris
1946 1568 2067 1635 habent
2086 1591 2189 1654 argu·

181 1652 386 1722 custodiendi
401 1651 549 1736 depositi,
567 1671 634 1715 non
648 1649 708 1715 abs
722 1671 759 1715 re
777 1649 863 1715 hanc
880 1650 1064 1715 cautionem
1082 1671 1160 1714 mox
1212 1651 1278 1716 tiae
1307 1650 1427 1734 quibus
1456 1673 1491 1717 se
1519 1652 1645 1718 iactant
1673 1652 1824 1718 homines
1852 1652 1975 1738 gloriae
2002 1656 2120 1739 cupidi,
2151 1668 2188 1722 ut

181 1739 334 1806 adhibuit
366 1737 406 1803 de
439 1735 596 1822 fugienda
627 1735 766 1819 prolana
798 1733 1001 1818 garrulitate.
1054 1735 1159 1801 Porro
1213 1756 1402 1820 germanam
1435 1737 1597 1822 evangelii
1627 1737 1821 1817 doctrinam,
1855 1760 1940 1822 quac
1969 1741 2108 1824 simplex
2137 1754 2189 1807 est

181 1826 268 1909 quod
288 1822 488 1908 κενοφωνιας
505 1831 640 1889 vertunt
656 1821 832 1887 inanitates
848 1841 971 1899 vocum,
993 1842 1061 1886 non
1079 1821 1159 1887 adeo
1213 1831 1247 1886 et
1276 1823 1452 1902 submissa,
1483 1823 1634 1889 obruant.
1686 1824 1847 1909 Pompam
1879 1846 1957 1909 ergo
1986 1826 2077 1891 illam
2106 1848 2189 1911 quae

183 1912 342 1996 displicet,
364 1910 429 1975 nisi
451 1909 537 1992 quod
559 1915 672 1992 postea
692 1907 907 1991 ambiguitate
936 1906 1063 1992 decepti
1085 1928 1158 1990 per·
1213 1910 1348 1987 eminet,
1380 1923 1413 1974 ιι
1445 1929 1529 1992 quae
1559 1931 1635 1976 cum
1665 1908 1783 1992 plausu
1815 1912 1981 1994 excipitur
2009 1933 2030 1978 a
2058 1913 2191 1998 mundo,

181 2017 297 2080 peram
326 2004 504 2078 exponunt.
549 1993 656 2059 Voces
685 1995 774 2057 enim
795 1993 960 2075 accipiunt
982 2015 1040 2077 pro
1062 2013 1158 2059 vcca-
1211 1999 1307 2058 vocat
1321 1994 1487 2075 apostolus
1502 1997 1732 2078 oppositiones.
1754 1996 1901 2062 Ambitio
1916 1998 2046 2080 quidem
2062 2019 2191 2083 semper

182 2083 277 2166 bulis,
300 2091 337 2148 ut
354 2090 404 2147 est
421 2081 536 2156 latum,
560 2079 611 2145 vel
630 2080 772 2144 fortuna.
809 2078 882 2162 Ego
902 2087 1012 2144 autem
1027 2078 1159 2162 grandi-
1211 2081 1413 2146 contentiosa
1441 2086 1491 2146 est
1519 2100 1557 2145 ac
1586 2083 1799 2149 certaminum
1822 2092 1944 2149 matera
1973 2084 2063 2149 unde
2095 2086 2134 2150 fit
2155 2094 2191 2150 nt

182 2168 385 2252 loquentiam
422 2185 537 2232 eorum
579 2174 614 2231 et
650 2165 797 2229 inflatam
842 2167 971 2248 magnis
1004 2165 1159 2248 ampullis
1211 2166 1266 2247 qui
1289 2187 1324 2232 ιι
1345 2166 1466 2231 iactare
1488 2175 1657 2249 appetunt,
1680 2187 1874 2252 quacunque
1897 2170 1937 2235 de
1958 2189 1995 2234 re
2017 2169 2191 2252 digladiari

182 2253 409 2339 garrulitatem
431 2253 539 2317 notari
560 2250 720 2329 existimo,
747 2250 802 2332 qui
824 2250 986 2333 evangelii
1004 2251 1159 2332 simplici·
1211 2251 1279 2317 sint
1300 2253 1416 2335 parati.
1460 2252 1536 2318 Huc
1558 2261 1669 2318 tamen
1691 2254 1865 2337 praecipue
1887 2256 2033 2338 respexit
2055 2256 2189 2337 Paulus,

182 2351 249 2406 tate
271 2361 337 2405 nen
359 2338 506 2405 contenti
527 2339 636 2419 ipsum
668 2337 701 2400 in
725 2334 897 2418 profanam
920 2336 1158 2419 philosophiam
1212 2336 1298 2419 quod
1327 2339 1436 2402 inanis
1464 2338 1687 2420 sophistarum
1716 2339 1865 2405 doctrina
1892 2341 1991 2408 altius
2019 2343 2056 2406 in
2079 2362 2189 2408 aereas

182 2430 391 2492 convertunt.
437 2424 528 2506 Ergo
556 2419 753 2506 κενοφωνιας
779 2434 858 2487 sunt
878 2442 944 2487 non
965 2423 1000 2486 in
1022 2423 1159 2506 singulis
1212 2423 1450 2507 speculationes
1471 2435 1504 2489 et
1526 2425 1672 2509 argutias
1693 2446 1883 2510 exsurgens,
1910 2447 1971 2491 sua
1993 2428 2101 2508 speeie
2123 2449 2189 2493 non

182 2513 326 2591 vocibus,
341 2508 399 2575 sed
414 2511 448 2573 ιιι
467 2521 623 2592 perpetua
637 2507 833 2586 resonantia,
849 2529 947 2591 quam
963 2508 1160 2591 despumant
1212 2510 1364 2576 obscurat
1395 2510 1492 2575 modo
1520 2511 1763 2594 simplicitatem
1792 2531 1891 2578 verae
1921 2513 2096 2593 doctrinae,
2130 2514 2188 2579 scd

183 2597 346 2663 ambitiosi
369 2595 528 2676 homiues,
550 2595 606 2677 qui
624 2594 776 2675 plausum
793 2595 896 2677 magis
910 2601 1044 2677 captant
1058 2614 1158 2676 quam
1212 2595 1311 2661 etiam
1340 2596 1496 2679 opprimit
1524 2615 1562 2662 ao
1584 2597 1691 2662 reddit
1712 2597 1957 2681 despicabilem:
1987 2602 2026 2664 ut
2047 2598 2189 2666 mundus

182 2685 336 2750 ecelesiae
361 2681 553 2763 protectum.
596 2680 643 2744 Et
663 2680 831 2762 aptissime
852 2681 1014 2763 expressit
1035 2679 1159 2746 Paulus
1212 2683 1279 2745 lere
1308 2690 1445 2747 externo
1474 2681 1648 2764 splendore
1678 2681 1819 2748 ducitur.
1864 2685 1939 2750 Nou
1971 2683 2045 2751 vult
2066 2684 2189 2751 Paulus

181 2791 253 2835 rem
281 2770 398 2852 ipsam.
441 2765 527 2830 Nam
555 2786 657 2848 quum
685 2764 810 2850 grande
838 2766 946 2831 neseio
968 2766 1049 2849 quid
1070 2787 1158 2831 reso·
1212 2767 1422 2832 Timotheum
1449 2778 1621 2852 propterea
1641 2770 1860 2835 aemulatione
1880 2770 1995 2853 pungi,
2025 2779 2063 2834 ut
2084 2771 2188 2836 simila

181 2865 272 2935 nent,
295 2852 378 2918 nihil
401 2859 510 2917 tamen
532 2852 659 2918 subest:
684 2860 735 2917 eat
754 2851 858 2935 igitur
875 2851 983 2916 inanis
1002 2853 1159 2918 tinnitus:
1212 2853 1332 2935 aliquid
1368 2862 1482 2918 tentet.
1534 2852 1646 2934 Quum
1676 2862 1786 2920 autem
1813 2854 1978 2921 humanae
2006 2856 2189 2923 curiositati

181 2962 278 3026 quem
301 2940 477 3023 protanam
499 2939 598 3002 etiam
621 2943 727 3015 vocat,
748 2937 902 3020 quoniam
925 2939 1088 3002 exstincta
1109 2951 1160 3003 est
1212 2940 1318 3022 magis
1341 2938 1552 3004 adlubesoant
1574 2959 1656 3021 quae
1678 2939 1870 3007 subtilitatis
1891 2942 2032 3025 speciem
2056 2963 2136 3026 prae
2156 2963 2189 3008 se

181 3029 233 3093 ιιι
271 3027 406 3110 spiritus
441 3023 638 3106 simulatque
674 3023 821 3088 doctores
851 3023 899 3088 ιιι
932 3024 1050 3089 inflant
1082 3044 1159 3091 suas
1212 3025 1333 3101 lerunt,
1356 3025 1411 3089 vel
1428 3034 1507 3090 sunt
1522 3024 1562 3090 ad
1579 3027 1828 3092 ostentationem
1843 3029 2042 3110 composita:
2065 3029 2189 3094 Paulus

181 3115 279 3179 tibias
309 3111 351 3177 ad
381 3131 474 3177 suam
505 3109 725 3192 eloquentiam
748 3108 989 3173 venditandum.
1034 3109 1159 3175 Oontra
1211 3131 1254 3175 ex
1276 3110 1413 3177 adverso
1436 3112 1636 3194 pronuntiat,
1664 3111 1768 3178 falso
1802 3114 2001 3179 nominari
2024 3134 2062 3179 ao
2084 3115 2189 3197 putari

182 3209 251 3264 tam
273 3199 394 3265 claram
417 3216 455 3261 ao
469 3202 621 3262 ιιιιιιιιιι
636 3196 771 3278 spiritus
785 3195 891 3259 sancti
905 3194 1158 3277 prohibitionem
1212 3197 1437 3275 seientiam,
1472 3216 1557 3279 quae
1590 3217 1626 3262 se
1659 3196 1789 3262 extollit
1822 3199 1980 3266 adversus
2007 3201 2187 3282 simplicem

183 3285 332 3369 perrupit
352 3281 567 3346 nihilominus
588 3281 670 3347 haec
692 3282 808 3364 pestis:
832 3300 870 3345 ao
892 3282 1005 3347 statim
1027 3280 1158 3365 quidem
1212 3291 1244 3347 ιι
1265 3281 1422 3347 humilem
1444 3282 1575 3366 pietatis
1597 3282 1789 3350 doctrinam.
1827 3283 1924 3364 Quod
1942 3287 2116 3370 diligenter
2134 3285 2188 3352 ob

182 3371 222 3436 ab
245 3370 340 3433 initio
357 3369 461 3450 coepit
478 3366 655 3450 pullulare:
679 3368 724 3430 ita
739 3386 817 3431 vero
832 3365 962 3430 domum
979 3368 1159 3452 grassando
1211 3369 1410 3433 servandum
1440 3381 1500 3450 est,
1530 3376 1568 3433 ut
1597 3368 1759 3434 discamus
1787 3389 1900 3436 secure
1927 3373 2032 3436 ridere
2054 3392 2091 3437 ae
2112 3392 2189 3438 oon·

182 3455 325 3521 obtinuit
351 3455 387 3519 in
409 3463 540 3536 papatu,
569 3462 608 3517 ut
635 3452 820 3517 adulterina
844 3451 1027 3536 theologiae
1055 3453 1158 3535 larva,
1212 3465 1357 3519 temnere
1379 3464 1480 3518 totam
1503 3455 1600 3518 istam
1622 3455 1765 3520 fucatam
1787 3456 1992 3538 sapientiam,
2015 3457 2110 3521 cuius
2132 3457 2188 3522 ad·

182 3562 263 3626 quae
280 3540 349 3606 illic
366 3551 492 3623 regnat,
516 3539 627 3604 vivum
646 3539 690 3603 sit
708 3537 873 3620 speculum
892 3541 1047 3622 profanae
1062 3540 1158 3605 istius
1212 3540 1383 3605 miratione
1411 3540 1554 3605 mundus
1582 3540 1790 3624 obstupescit,
1820 3543 1856 3606 in
1878 3562 1942 3624 qua
1964 3551 2077 3607 ιιιιιιι
2099 3542 2189 3607 nulla

182 3633 216 3693 et
234 3627 342 3692 inanis
360 3625 575 3703 resonantiae,
594 3625 686 3689 cuius
700 3624 850 3687 meminit
864 3622 998 3690 Paulus.
1032 3623 1158 3690 Omitto
1212 3625 1322 3690 subest
1347 3625 1539 3692 aedificatio.
1583 3626 1635 3691 Ea
1656 3626 1744 3691 enim
1766 3626 1898 3692 demum
1921 3628 2050 3712 (autore
2071 3626 2188 3712 Paulo)

181 3713 270 3797 quod
297 3712 481 3777 innumeris
509 3708 683 3785 erroribus,
718 3709 851 3791 deliriis,
881 3729 919 3775 ao
949 3709 1159 3792 blasphemiis
1212 3731 1290 3777 vere
1319 3719 1352 3775 at
1378 3713 1496 3777 merito
1524 3713 1713 3778 nominatur
1734 3713 1879 3791 scientia,
1909 3733 1992 3797 qnae
2013 3714 2049 3778 in
2071 3714 2189 3780 fiducia

180 3808 308 3865 scatent
329 3818 441 3864 eorum
464 3795 540 3861 libri
561 3814 599 3859 ao
620 3795 779 3860 clamosae
811 3795 889 3860 illae
912 3795 1158 3878 disputationes.
1212 3797 1394 3879 timoreque
1416 3798 1480 3863 Dei
1501 3796 1576 3883 (hoo
1598 3808 1648 3863 est
1669 3800 1705 3863 in
1727 3798 1860 3884 pietate)
1883 3817 1944 3864 nos
1965 3800 2123 3865 instituit.

181 3883 310 3950 Verum
338 3883 465 3950 etiamsi
495 3881 577 3947 alias
605 3880 688 3946 nihil
718 3879 873 3946 docerent
897 3881 1054 3966 impium:
1083 3903 1159 3965 quo·
1297 3883 1351 3948 21.
1378 3881 1479 3964 Quum
1507 3883 1638 3966 quidum
1662 3883 1850 3966 profitentes.
1893 3885 1946 3951 Ab
1977 3886 2070 3950 exitu
2092 3886 2188 3949 ιιιιιι

178 3972 272 4036 niam
308 3977 419 4035 ιιιιιιι
456 3976 525 4033 tota
560 3987 672 4033 eorum
710 3966 858 4033 doctrina
893 3968 978 4033 nihil
1015 3969 1160 4034 continet
1213 3969 1416 4035 demonstrat
1448 3990 1545 4052 quam
1579 3971 1715 4035 noxiosa
1747 3991 1800 4036 res
1833 3971 1890 4051 sit,
1922 3979 1956 4034 et
1989 3979 2189 4054 quantopere

181 4066 313 4141 praeter
330 4053 573 4137 sesquipedales
587 4053 764 4136 ampullas:
786 4053 942 4136 quoniam
957 4075 976 4118 a
991 4053 1160 4120 maiestate
1212 4054 1379 4141 fugienda.
1415 4055 1507 4121 Deus
1530 4056 1617 4120 enim
1639 4057 1687 4121 ita
1709 4076 1824 4121 eorum
1845 4058 2068 4141 arrogantiam
2089 4055 2188 4121 uleis-

181 4145 375 4227 scripturae,
405 4140 445 4205 ab
467 4140 601 4223 energia
622 4139 767 4221 spiritus,
796 4160 816 4204 a
837 4139 1027 4224 prophetica
1050 4143 1159 4225 gravi·
1213 4143 1308 4220 citur,
1332 4142 1389 4224 qui
1411 4141 1651 4225 comparandae
1672 4143 1778 4207 lamae
1795 4141 1903 4208 studio
1946 4143 2055 4208 letatie
2074 4139 2190 4208 doetri-

183 4239 261 4306 tata‚
292 4249 312 4294 a
338 4225 523 4294 sinceritate
546 4225 722 4308 apostolica
742 4245 877 4309 prorsus
897 4225 1006 4290 aliena
1026 4231 1093 4290 est:
1123 4247 1160 4292 eo
1213 4248 1292 4292 nam
1320 4236 1533 4308 corrumpant
1561 4248 1599 4293 ac
1628 4227 1821 4309 deformant,
1849 4248 1913 4310 quo
1962 4249 2018 4294 eos
2040 4227 2188 4294 excidere

182 4316 254 4398 ipso
276 4335 368 4380 mera
389 4321 440 4379 ιιι
461 4312 623 4395 genuinae
645 4311 827 4395 theologiae
842 4310 1035 4394 profanatio.
1072 4311 1159 4393 Quid
1213 4313 1336 4395 patitur
1358 4333 1379 4378 a
1400 4313 1541 4378 sanitate
1563 4313 1692 4390 mentis,
1714 4323 1752 4377 ut
1773 4313 1884 4378 multis
1902 4312 2056 4380 absurdis
2074 4313 2189 4379 errori

182 4402 281 4477 enim,
312 4401 453 4475 obsecro,
477 4396 518 4462 de
539 4398 612 4474 fide,
636 4408 693 4462 aut
715 4397 927 4481 poenitentia,
950 4406 1008 4462 aut
1028 4398 1162 4464 invoca·
1214 4399 1275 4463 bus
1303 4420 1338 4464 se
1366 4398 1548 4465 involvant.
1602 4397 1700 4478 Quod
1729 4400 1827 4464 etiam
1855 4399 2005 4466 videmus
2036 4399 2189 4466 accidisse

182 4488 271 4551 tione
292 4484 372 4551 Dei:
401 4483 479 4567 quid
509 4483 550 4549 de
570 4483 741 4549 hominum
762 4483 997 4567 imbecillitate,
1025 4483 1161 4565 spiritns
1213 4484 1249 4548 in
1271 4492 1403 4567 papatu.
1442 4484 1528 4550 Nam
1551 4493 1720 4569 postquam
1743 4492 1921 4568 coeperunt
1943 4485 2079 4568 profano
2101 4504 2188 4550 more

181 4573 287 4638 sancti
306 4571 438 4651 auxilio,
460 4570 605 4654 gratuita
624 4580 833 4653 peecatorum
850 4569 1161 4654 remhsioneaquid
1214 4570 1255 4636 de
1277 4569 1443 4656 mysteriis
1464 4569 1633 4654 religionis
1650 4580 1783 4636 nostrae
1800 4570 2033 4654 philosophari,
2053 4578 2191 4654 aequum

183 4658 223 4725 de
245 4658 352 4723 officio
370 4656 498 4723 Ohristi
524 4663 676 4735 tractant,
698 4653 785 4738 quod
807 4654 848 4719 ad
871 4654 1009 4722 solidam
1031 4656 1161 4738 pietatis
1214 4666 1294 4721 sunt
1309 4659 1482 4721 innumera
1499 4656 1657 4721 falsarum
1672 4657 1862 4739 opinionum
1877 4666 2041 4740 portenta
2071 4656 2190 4723 Fides

182 4744 444 4810 aedificationem
460 4739 592 4809 valeat?
630 4739 697 4807 Sed
721 4739 761 4805 de
782 4739 836 4806 his
857 4741 966 4807 adhuc
989 4741 1162 4807 dicendum
1214 4742 1279 4823 hio,
1308 4751 1346 4806 ut
1373 4742 1595 4826 superioribus
1617 4743 1740 4827 aliquot
1761 4743 1851 4820 loeis,
1880 4761 1940 4827 pro
1962 4763 2094 4809 summa
2115 4742 2189 4808 reli·

182 4832 247 4897 erit
272 4831 308 4896 in
330 4829 434 4895 altera
456 4826 602 4911 epistola.
648 4825 747 4894 Certe
767 4826 912 4911 quisquis
934 4825 1089 4895 mediocri
1110 4829 1161 4895 in·
1215 4829 1322 4911 gionis
1342 4835 1376 4893 et
1397 4848 1478 4894 sana
1499 4827 1649 4894 doctrina
1666 4830 1803 4912 capitur.
1840 4829 2012 4895 Eiusmodi
2030 4829 2190 4913 exemplis

183 4916 367 5002 telligentia
399 4923 434 4981 et
464 4914 671 4998 ingenuitate
704 4914 766 4979 erit
797 4913 975 4997 praeditus,
1007 4914 1162 4981 fatebitur
1215 4914 1340 4995 moniti,
1368 4914 1396 4979 si
1426 4914 1638 4981 delectionem
1666 4914 1837 4982 horremus
1858 4935 1879 4980 a
1900 4913 1974 4996 flds,
2000 4935 2190 4982 maneamus

183 5010 287 5067 totam
307 5001 618 5088 magniloquentiam
638 4998 764 5084 papeha
782 5000 975 5084 theologiae,
998 5010 1031 5066 et
1048 5020 1162 5067 omues
1214 5001 1250 5066 iu
1271 5021 1353 5085 puro
1368 5000 1432 5067 Dei
1451 5001 1565 5067 verbo:
1588 5000 1785 5084 sophistioen
1804 5022 1881 5068 vero
1904 5009 1938 5067 ιι
1958 5020 2073 5068 omnes
2095 5021 2189 5086 argu·

182 5106 266 5170 quae
296 5089 332 5153 in
362 5087 484 5155 scholis
506 5107 620 5152 eornm
643 5092 761 5152 tonant
781 5086 986 5171 magistrales
1008 5086 1162 5152 determi-
1216 5087 1290 5170 tias,
1318 5107 1419 5171 quum
1448 5087 1609 5155 nefandae
1637 5088 1706 5154 sint
1734 5087 1865 5172 pietatis
1892 5087 2106 5171 corruptelae,
2137 5087 2190 5153 dc·

182 5174 344 5254 nationes,
366 5174 451 5240 nihil
473 5192 545 5242 esse
563 5170 653 5239 aliud
671 5192 771 5258 qnam
788 5173 941 5256 profanas
954 5171 1162 5257 ιιινοφιινιις,
1215 5180 1383 5241 ιιιιιιιιι.
