4762 6016
188 413 251 478 373
1083 415 1235 482 OAPUP
1256 414 1300 481 11.
2121 419 2186 482 374

186 612 363 687 docendum
384 611 564 677 tolerantem
580 610 743 694 emturum,
766 609 817 676 25.
833 629 903 674 cem
924 608 1162 676 mansetudine
1211 609 1304 690 uitet,
1336 627 1466 693 semper
1498 608 1590 676 nobis
1623 615 1773 676 oeeurrat
1804 609 1866 676 hoe
1899 609 1996 677 Pauli
2027 609 2184 695 elogium:

186 697 375 766 emoneo
395 715 446 762 ees
466 695 709 781 possesorem.-
728 695 898 780 siquando
918 696 968 762 det
988 695 1057 763 illis
1071 695 1162 762 Deus
1212 715 1296 779 quae
1321 694 1357 760 in
1385 695 1529 761 maximo
1558 696 1661 779 pretio
1681 694 1845 761 habentur
1865 696 2080 779 quaestiones,
2113 715 2186 764 esse

183 783 404 868 prandentium
429 781 465 848 in
490 781 680 866 uqodionen
699 782 852 864 uadetis
883 781 935 847 26.
958 786 986 848 et
1006 782 1162 848 entitato-
1212 792 1324 848 tamen
1344 780 1495 863 insulsas,
1526 800 1565 846 en
1586 779 1671 865 quod
1692 780 1760 847 sint
1780 780 2012 847 infruetuosao.
2055 780 2186 850 Deinde

186 890 259 1023 ”aare
257 890 371 1021 „aem
321 869 432 950 laqueo
451 867 582 935 simbola
603 889 624 934 e
646 887 706 950 que
727 869 811 950 rupti
832 872 973 933 meter
993 867 1162 949 adipeis:
1212 866 1467 1017 malgmdetitam
1500 866 1586 949 quod
1619 886 1735 1016 psdrere
1767 867 1887 968 solent,
1921 867 2091 1017 exprtirgit:
2124 888 2185 936 nae

235 976 257 1020 a
372 1005 380 1019 .
1212 973 1280 1017 asu
1362 975 1401 1019 ιοι
1473 973 1547 1018 uam
1608 971 1651 1018 uo
1710 974 1750 1017 ex
1775 973 1898 1019 erimar
1953 973 2021 1018 nor
2045 973 2087 1019 re:
2128 971 2184 1021 aas

1209 1037 1336 1104 seilinet
1362 973 1514 1122 iurgdlndi
1544 973 1803 1122 etqdigladiasldi
1826 973 1982 1122 praebdlre
2004 1038 2184 1105 materiam.

273 1124 505 1191 22.1uoeniles
531 1124 699 1206 erepideles.
743 1122 919 1189 Oenolusio
941 1125 1159 1206 superiorum:
1214 1123 1324 1206 Neque
1347 1127 1449 1189 umen
1476 1124 1649 1206 quidquem
1665 1123 1792 1206 profluit
1812 1122 1913 1190 maior
1927 1143 2012 1205 pare
2032 1127 2074 1190 tot
2094 1125 2185 1192 done·

187 1232 264 1278 nam
291 1231 401 1295 quum,
432 1211 518 1276 laeta
550 1211 697 1275 inanium
732 1210 954 1292 quaestionem
987 1212 1161 1290 mentione,
1211 1210 1323 1275 mettis
1343 1209 1513 1275 admonita
2173 1253 2175 1256 -

187 1318 246 1382 per
274 1298 360 1362 hane
389 1296 589 1362 onumionem
618 1295 661 1360 ad
689 1296 850 1360 notandos
871 1294 1101 1378 Hymenaeum
1127 1305 1161 1362 et
1297 1294 1349 1360 24.
1371 1293 1472 1377 Atqui
1492 1314 1616 1361 anuum
1629 1293 1770 1361 Domini.
1807 1294 1881 1360 Hoo
1903 1303 1952 1362 est
1972 1295 2067 1363 Pauli
2091 1317 2185 1381 argu·

187 1381 352 1449 Philetnm
381 1380 533 1464 delapsus
559 1389 654 1458 esset,
684 1400 766 1463 quos
787 1381 921 1446 ambitio
943 1391 976 1446 et
998 1401 1083 1447 vana
1104 1402 1160 1447 ou·
1212 1390 1369 1459 mentum,
1391 1400 1525 1446 servum
1541 1379 1605 1446 Dei
1620 1381 1764 1446 alienum
1782 1400 1800 1445 a
1818 1380 1930 1446 litibus
1948 1402 2020 1447 esse
2041 1390 2183 1466 oportet:

188 1468 319 1534 riositas
351 1489 371 1532 a
403 1478 494 1532 reeta
525 1466 590 1532 lide
622 1466 823 1531 abduxerat:
857 1466 977 1531 iterum
1008 1466 1160 1532 hortatur
1212 1465 1330 1531 stultae
1345 1473 1453 1531 autem
1477 1467 1681 1548 quaestiones
1700 1469 1780 1531 sunt
1801 1465 1977 1550 litigiosae:
2000 1488 2077 1553 ergo
2100 1468 2185 1552 quis·

188 1553 397 1620 Timotheum
419 1561 457 1618 ut
477 1572 496 1615 a
519 1557 607 1635 peste
630 1566 697 1616 tam
720 1550 819 1617 noxia
840 1552 1011 1617 abstineat.
1051 1552 1160 1634 Atque
1212 1552 1286 1634 quis
1306 1571 1422 1617 servus
1437 1551 1500 1615 Dei
1523 1572 1594 1618 esee
1615 1559 1649 1619 et
1670 1550 1782 1619 haberi
1804 1552 1902 1635 eupit,
1923 1552 1964 1617 ab
1985 1551 2049 1618 illis
2071 1552 2185 1619 obher

188 1640 222 1705 in
252 1638 339 1704 huno
368 1639 467 1702 tinem
497 1636 649 1703 vitandas
677 1636 831 1702 admonet
855 1637 1016 1703 iuveniles
1038 1638 1161 1721 eupidi-
1211 1657 1285 1703 rere
1303 1635 1407 1703 debet.
1444 1635 1589 1717 Quodsi
1613 1639 1665 1704 vel
1688 1659 1753 1703 uno
1775 1637 1838 1704 hoo
1859 1638 1990 1704 nemine
2011 1638 2045 1703 lu
2071 1637 2185 1705 'endas

189 1735 286 1790 tates:
330 1743 394 1807 quo
431 1722 562 1787 nomine
595 1742 662 1788 non
701 1721 857 1805 intelligit
887 1722 939 1788 vel
961 1725 1160 1806 proterviam
1211 1732 1290 1789 suut
1317 1742 1538 1806 supervaouae
1566 1723 1781 1806 quaestiones,
1815 1722 1902 1805 quod
1923 1744 2018 1790 servo
2073 1724 2103 1789 ei
2124 1745 2185 1807 pu*

188 1811 223 1876 in
258 1828 419 1884 venerem,
453 1806 508 1873 vel
539 1806 621 1873 alias
649 1817 761 1891 turpes
789 1807 949 1886 laseivias,
982 1807 1160 1875 vel-diseo·
1212 1829 1315 1891 gnare
1337 1821 1386 1874 est
1407 1808 1610 1874 indeaorum:
1638 1829 1735 1892 quam
1758 1808 1963 1892 impudenter
1984 1808 2109 1875 iaoinnt
2130 1810 2185 1893 qui

187 1896 276 1962 lutas
289 1893 442 1960 libidines
462 1891 580 1976 quibus
594 1893 822 1976 utplurimum
844 1894 981 1960 iuvenes
995 1894 1159 1961 laborent:
1212 1894 1344 1961 assidua
1358 1893 1537 1960 nertamina
1563 1893 1723 1961 mouendo
1747 1893 1916 1960 venditare
1933 1914 1973 1961 se
1991 1893 2066 1960 data
2087 1915 2186 1978 opera

188 1979 246 2047 sed
278 1978 413 2062 quosvis
443 1979 587 2063 impetus
619 1978 659 2044 ad
693 1999 775 2062 quoe
808 1978 964 2045 fervidior
991 1979 1048 2045 illa
1073 1990 1161 2047 aetas
1212 1978 1357 2045 audent?
1386 1978 1483 2044 Nune
1497 1979 1632 2062 prodeat
1648 1980 1683 2046 in
1706 1979 1847 2044 medium
1869 1980 2072 2064 papistarum
2095 1981 2185 2048 theo-

188 2066 263 2150 plus
278 2085 382 2148 aequo
403 2085 567 2148 propensa
587 2074 647 2131 est.
682 2065 720 2132 Si
743 2063 827 2148 quod
850 2077 1014 2131 eertsmen
1039 2078 1160 2131 motum
1213 2065 1317 2149 logia:
1339 2064 1416 2147 quid
1432 2066 1567 2130 omnino
1588 2066 1621 2129 iu
1637 2086 1676 2130 ea
1690 2065 1870 2147 reperietur
1885 2071 2013 2148 praeter
2034 2065 2185 2150 litigandi

188 2152 296 2235 luerit,
325 2150 428 2216 multo
457 2151 554 2217 eitius
582 2150 782 2218 inualesount
812 2151 947 2216 iuvenes
972 2171 1070 2235 quam
1092 2173 1161 2217 ma·
1214 2163 1247 2216 et
1277 2148 1444 2234 pugnandi
1475 2149 1603 2216 artem?
1648 2151 1737 2235 Ergo
1767 2169 1832 2232 quo
1860 2152 1999 2233 quisque
2023 2152 2127 2234 magis
2149 2152 2184 2216 in

188 2246 282 2303 turae
303 2236 420 2302 aetatis
443 2237 522 2302 viri:
544 2236 671 2302 faoilins
692 2237 874 2313 irritantur,
898 2239 1026 2320 saepius
1049 2237 1161 2302 labun-
1214 2256 1252 2301 ea
1282 2235 1463 2319 proleuerit,
1491 2257 1529 2302 eo
1553 2238 1658 2320 magis
1680 2236 1744 2302 erit
1764 2236 1894 2319 ineptus
1917 2234 1958 2300 ad
1979 2235 2185 2301 serviendum

188 2330 244 2389 tur
257 2322 431 2406 imperitia,
455 2321 576 2387 maiore
590 2321 686 2386 etiam
702 2321 902 2388 onnlidentia
923 2332 957 2388 et
979 2323 1163 2389 temeritate
1215 2321 1356 2388 Christo.
1412 2321 1522 2403 Quum
1560 2321 1762 2404 plaeidum
1799 2340 1887 2386 esse
1924 2321 2015 2386 inbet
2052 2340 2185 2388 servum

188 2417 299 2475 ruunt
337 2407 449 2489 Quare
464 2426 531 2473 nou
548 2407 712 2473 immerito
731 2406 887 2473 iuvenem
910 2405 1063 2473 admonet
1078 2408 1163 2473 Pan·
1215 2408 1349 2485 Christi,
1381 2407 1536 2473 virtutem
1557 2407 1694 2490 requirit
1722 2407 1963 2472 sententiosum
1998 2407 2110 2472 morbo
2132 2407 2188 2473 ad·

188 2494 241 2561 lus
268 2500 308 2559 ιιι
336 2493 377 2560 ab
399 2493 516 2559 aetatis
536 2493 626 2560 vitiis
648 2492 822 2578 diligenter
843 2493 905 2559 sibi
927 2503 1051 2574 eareat,
1080 2514 1163 2577 quae
1214 2513 1353 2560 versem.
1393 2491 1518 2558 Eodem
1540 2494 1681 2574 pertinet
1725 2491 1787 2557 uod
1810 2512 1885 2557 mox
1907 2493 2062 2576 sequitur,
2084 2496 2122 2557 ut
2143 2493 2188 2559 sit

189 2578 285 2647 fenile
314 2579 433 2662 alioqui
462 2577 505 2643 ad
531 2578 756 2647 eontentiones
777 2579 911 2645 inutiles
933 2592 1065 2662 possent
1086 2600 1162 2646 eum
1214 2577 1403 2656 διδακτικός.
1448 2577 1558 2660 Neque
1586 2578 1674 2644 enim
1702 2513 1868 2643 doetrinae
1897 2577 1987 2644 loeus
2015 2579 2089 2661 erit,
2123 2578 2186 2644 nisi

189 2665 346 2750 abripere.
1213 2666 1299 2732 adsit
1337 2663 1515 2731 moderatio
1551 2674 1584 2728 et
1619 2663 1788 2747 aequabile
1825 2663 1988 2748 quoddam
2025 2673 2187 2747 tempera·

228 2818 231 2824 ,
275 2749 408 2833 Sequere
428 2751 592 2817 iristitiam.
633 2750 823 2817 Gonuarios
843 2751 979 2817 effeetus
1000 2770 1163 2816 eemmen·
1214 2764 1371 2817 mentum.
1415 2748 1523 2830 Quem
1552 2748 1640 2815 enim
1667 2748 1799 2815 modum
1829 2749 1950 2817 tenebit
1974 2749 2097 2829 duetor,
2131 2749 2187 2817 nbi

191 2836 255 2917 dat,
284 2837 340 2918 qui
369 2846 509 2902 mentem
538 2837 607 2903 eim
628 2837 771 2903 retinere
793 2838 928 2921 possint,
956 2858 998 2902 ne
1020 2837 1163 2902 exsultet
1214 2836 1255 2902 ad
1289 2855 1433 2920 pugnam
1466 2834 1674 2901 efferbuerit?
1731 2833 1876 2900 Proinde
1907 2848 1945 2900 ut
1977 2835 2113 2919 quisque
2145 2835 2187 2902 ad

189 2920 329 2987 iuvenili
369 2920 477 3004 aliqua
506 2922 708 3005 intemperie.
759 2924 809 2988 Ae
846 2923 873 2986 si
908 2920 1047 2988 diaeret:
1081 2923 1162 2989 haee
1215 2921 1397 2989 donandum
1430 2919 1574 2986 maxime
1611 2930 1661 2987 eet
1693 2920 1875 3005 appositus,
1908 2921 1956 2986 ita
1987 2941 2007 2987 a
2038 2920 2119 2987 rixis
2152 2924 2187 2986 et

190 3014 268 3074 sunt
300 3007 418 3090 quibus
449 3015 538 3072 tetus
569 3006 718 3074 addietue
750 3027 821 3072 esse
854 3007 968 3086 debes,
1005 3018 1164 3091 tuumque
1214 3006 1447 3075 eertaminibus
1470 3005 1612 3071 maxime
1635 3005 1798 3072 abhorret.
1841 3004 1967 3073 Verum
1989 3005 2065 3089 quia
2086 3006 2185 3073 inter·

190 3090 337 3160 studium
368 3091 567 3175 impendere.
617 3092 667 3157 Aa
700 3093 804 3176 primo
838 3091 968 3174 quidem
1001 3093 1162 3159 iustitiam
1215 3092 1294 3158 dum
1323 3091 1376 3159 vel
1404 3089 1512 3167 bilem,
1546 3091 1600 3158 vel
1627 3091 1793 3158 fastidium
1822 3112 1952 3158 movere
1982 3098 2087 3175 potest
2109 3111 2186 3176 que-

190 3179 350 3245 nominat:
373 3177 437 3243 hoo
459 3191 518 3257 est,
541 3188 663 3244 rentum
686 3178 818 3246 visendi
841 3178 1010 3244 rationem.
1044 3179 1163 3245 Postea
1216 3179 1354 3245 rundam
1376 3177 1545 3243 hominnm
1567 3177 1811 3260 importunitas:
1831 3177 1908 3243 ideo
1931 3176 2185 3244 tolerantiam

191 3263 342 3349 adiungit
363 3263 488 3329 iidem
511 3274 545 3330 et
571 3263 847 3344 dileetionem,
869 3263 986 3346 quibus
1007 3264 1065 3329 illa
1087 3284 1161 3347 pro-
1216 3263 1375 3348 adiungit,
1402 3262 1500 3328 mmul
1527 3281 1658 3329 eausam
1687 3271 1804 3329 notans
1833 3283 1891 3329 our
1919 3263 1961 3331 eit
1988 3262 2185 3330 neeemaria:

189 3349 261 3433 prie
288 3355 427 3417 onustat
470 3347 542 3415 Pax
571 3348 613 3415 ad
637 3355 842 3435 praesentem
865 3369 995 3416 oausam
1017 3350 1163 3416 maxime
1213 3369 1333 3430 nempe
1365 3349 1442 3432 quia
1473 3348 1548 3448 pins
1578 3347 1691 3415 dootor
1722 3354 1850 3417 tentare
1881 3350 1979 3415 etiam
2013 3347 2108 3414 debet
2143 3369 2186 3418 an

189 3437 343 3519 pertinet.
392 3435 623 3503 Oontentiosos
654 3438 742 3503 enim
775 3455 847 3504 esee
875 3445 1004 3520 oportet
1032 3455 1070 3502 ae
1097 3435 1164 3501 liti·
1214 3434 1369 3502 redueere
1390 3435 1427 3500 in
1448 3453 1538 3501 mam
1559 3434 1663 3517 possit
1689 3442 1897 3517 mutumaoes
1918 3441 1952 3501 et
1972 3434 2186 3517 praeiraetos:

189 3521 288 3606 gandi
310 3520 454 3606 oupidos,
474 3521 531 3605 qui
545 3522 801 3610 quaestionibus,
823 3542 904 3606 quae
926 3521 1087 3605 prohibet,
1109 3521 1164 3587 de-
1214 3520 1300 3605 quod
1323 3521 1394 3587 fieri
1416 3519 1531 3603 nequit
1552 3520 1616 3587 nisi
1637 3519 1786 3586 adhibite
1804 3519 2060 3602 mausuetudine.
2105 3564 2106 3568 =
2180 3563 2182 3566 -

189 3606 362 3672 laetantur.
405 3605 471 3672 Hie
493 3607 556 3673 Dei
583 3608 747 3675 insonatio
776 3628 834 3692 per
859 3607 1085 3692 syneedoehen
1108 3627 1164 3691 ge-
1298 3605 1352 3672 tt.
1369 3605 1688 3688 Simendodetsllia.
1709 3605 2018 3689 Heeepsrtionlasi
2035 3605 2186 3687 quando

189 3690 345 3757 nersliter
377 3710 437 3774 pro
470 3690 561 3757 onltu
589 3694 734 3776 eapitur:
768 3693 833 3759 nisi
861 3693 903 3758 ad
933 3694 1163 3777 professionem
1214 3692 1266 3759 vel
1289 3693 1317 3758 ei
1338 3693 1431 3772 lorte,
1454 3693 1501 3757 rei
1525 3690 1749 3758 diifioultetem
1771 3699 1877 3759 notat:
1900 3697 1938 3756 ut
1960 3710 2061 3776 prope
2076 3690 2187 3758 inere-

190 3777 311 3844 referre
341 3775 446 3842 malis.
491 3774 558 3843 Sed
588 3777 666 3860 quia
693 3778 728 3843 in
756 3778 848 3844 uultu
870 3777 934 3844 Dei
957 3778 1018 3844 hoe
1039 3779 1162 3863 praeei-
1215 3777 1323 3844 dibilis
1356 3778 1400 3860 sit
1431 3777 1485 3843 vel
1518 3776 1698 3861 desperata.
1749 3775 1850 3862 Ergo·
1871 3775 2027 3862 intelligit
2054 3774 2188 3856 Paulus,

189 3881 292 3947 punm
325 3870 375 3928 est
406 3869 513 3946 eaput,
544 3861 617 3928 ideo
650 3882 747 3947 saepe
774 3861 839 3927 Dei
871 3863 1033 3929 invoeatio
1061 3873 1164 3930 totam
1213 3864 1314 3931 etiam
1358 3883 1437 3948 erga
1460 3861 1724 3947 indignissimos
1767 3882 1838 3929 esse
1880 3860 2188 3930 mansuetudine

189 3947 733 4118 :tettffttt‘tnlt
760 3949 934 4117 :5:332
952 3948 1163 4100 ..ltili
1213 3949 1390 4118 :2:¹22
1421 3961 1538 4100 tt:
1555 3948 1901 4117 ”attitulati
1925 3968 2004 4100 :tt-⁸
2031 3967 2073 4031 '¹'
2093 3955 2188 4098 :tt

191 4114 379 4185 omnibus
416 4083 640 4185 ’Dominum
687 4119 1003 4203 inroeantibus,
1050 4139 1165 4203 prope-
1214 4121 1341 4186 ratione
1385 4119 1575 4185 daturum
1619 4119 1747 4185 Deum
1790 4126 2031 4186 nommemoret.
2100 4117 2190 4199 Quia

191 4215 293 4271 natue
306 4206 342 4270 iu
356 4204 543 4289 exemplum
563 4224 677 4271 omnes
698 4205 820 4286 lideles,
848 4225 887 4272 ee
908 4205 936 4271 si
959 4205 1081 4272 diseret
1102 4205 1165 4272 hoo
1214 4207 1303 4272 eninr
1336 4205 1371 4270 in
1403 4225 1505 4271 manu
1534 4203 1598 4270 Dei
1631 4215 1683 4271 est
1713 4205 1858 4271 hominis
1889 4203 2072 4271 eonversio:
2113 4204 2188 4287 quis

191 4290 309 4357 debere
334 4289 485 4356 omnibns
507 4290 594 4356 veris
614 4289 679 4357 Dei
700 4289 879 4358 eultoribus
900 4310 1072 4357 eommune
1093 4310 1164 4358 esee
1214 4292 1277 4360 seit
1290 4311 1344 4375 an,
1359 4290 1417 4440 :fui
1432 4290 1528 4357 hodie
1541 4289 1694 4358 videntur
1714 4289 1879 4370 indoeilee,
1900 4289 1964 4355 Dei
1977 4290 2097 4356 uirtute
2114 4288 2188 4357 sub·

191 4378 354 4443 studium:
378 4396 422 4441 an
441 4395 518 4442 vero
541 4377 717 4460 praeeipist
738 4388 776 4441 ut
797 4398 872 4443 eum
894 4376 959 4442 illie
973 4376 1164 4443 Timotheus
1214 4378 1261 4443 ito
1282 4377 1316 4442 iu
1346 4378 1427 4443 aios
1455 4374 1605 4442 homines
1625 4375 1773 4442 mutandi
1800 4374 1887 4442 sint?
1929 4375 2087 4459 Quisquis
2108 4395 2187 4460 ergo

191 4461 275 4529 uolat
302 4481 426 4545 paoem.
470 4460 535 4528 Hie
566 4464 725 4545 posterior
753 4483 868 4528 sensus
896 4462 1026 4528 videtur
1046 4464 1164 4529 melina
1214 4462 1371 4546 eogitabit
1407 4461 1527 4527 donum
1562 4471 1596 4527 et
1628 4482 1711 4546 opus
1743 4462 1806 4527 Dei
1839 4481 1909 4526 esse
1942 4462 2186 4543 poenitentiam,

191 4549 377 4616 eonvenire.
1216 4548 1290 4632 plne
1318 4547 1462 4632 sperabit
1487 4546 1604 4613 multe:
1634 4561 1666 4612 et
1688 4547 1749 4611 hae
1770 4546 1890 4613 liduoia
1911 4548 2084 4627 animatus,
2114 4546 2186 4629 plue

277 4633 330 4700 23.
354 4631 564 4700 Stellarum
584 4633 790 4718 ouationes
834 4632 910 4698 Ideo
931 4635 1050 4700 stultas
1070 4643 1166 4700 voest
1216 4633 1335 4699 laboris
1368 4644 1401 4698 et
1434 4631 1532 4699 studii
1561 4631 1728 4716 impendet
1756 4631 1796 4697 ed
1823 4630 2018 4698 erudiendos
2040 4631 2187 4698 rebelles.

192 4720 270 4802 quia
298 4729 378 4786 eunt
394 4718 645 4786 ineruditae:
675 4720 738 4786 hou
759 4729 817 4794 est,
840 4717 923 4783 nihil
946 4720 987 4785 ad
1009 4719 1164 4802 pietatem
1216 4718 1273 4785 Sin
1288 4719 1374 4784 enim
1389 4717 1574 4784 habendum
1590 4726 1649 4798 est,
1671 4724 1800 4784 nostras
1825 4736 1896 4783 esse
1917 4726 2027 4801 partes
2048 4714 2186 4783 serendo

192 4805 365 4871 uenierunt
407 4803 625 4888 queliounque
657 4804 739 4870 alias
771 4805 921 4870 anamine
952 4807 1019 4870 siut
1052 4805 1164 4872 vendi·
1216 4816 1250 4870 et
1277 4803 1416 4888 rigaudo
1444 4805 1645 4870 ineumbere:
1678 4802 1740 4869 hoe
1768 4803 1847 4868 dum
1877 4822 2023 4888 agemus,
2054 4822 2185 4885 exspes

194 4887 286 4954 biles.
335 4852 408 4956 H’oe
437 4889 524 4955 enim
553 4910 631 4958 vere
659 4890 791 4957 demum
819 4909 934 4972 sapere
962 4900 1028 4973 est,
1062 4908 1164 4973 quum
1216 4889 1351 4955 tandum
1374 4908 1446 4955 esse
1466 4908 1487 4954 a
1507 4889 1651 4956 Domino
1671 4889 1921 4955 intrumentum.
1963 4887 2017 4952 Ita
2039 4886 2121 4952 nihil
2143 4908 2185 4952 ex

193 4973 320 5040 utiliter
359 4976 519 5058 sapimus:
560 4976 648 5059 quod
684 4975 859 5062 diligenter
892 4975 1073 5041 notandum
1106 4984 1164 5042 est.
1216 4994 1252 5040 se
1278 4975 1454 5059 profieinnt
1480 4985 1618 5041 uenatus
1645 4994 1759 5041 omnes
1787 4974 1891 5039 nestri
1917 4993 1954 5040 ae
1975 4972 2118 5038 labores:
2152 4981 2187 5038 et

193 5059 356 5128 Videmus
383 5059 471 5126 enim
501 5081 599 5144 quam
628 5072 835 5145 praepostere
857 5060 998 5127 rutilium
1022 5062 1164 5145 argutia·
1216 5069 1327 5126 umen
1356 5060 1419 5124 Dei
1448 5059 1604 5126 benefitio
1633 5079 1698 5125 non
1732 5069 1810 5126 sunt
1836 5057 1928 5125 irriti
1973 5056 2080 5124 Simul
2107 5058 2186 5124 hino

195 5164 270 5212 rum
298 5145 515 5212 admiratione
544 5148 682 5213 dueatur
711 5145 873 5223 mundus,
906 5156 939 5212 et
967 5158 1165 5231 quantopere
1215 5145 1368 5231 eolligere
1393 5147 1470 5213 lieet
1491 5165 1575 5231 qnae
1597 5145 1641 5211 sit
1662 5166 1741 5212 vera
1761 5165 1873 5212 eurum
1896 5143 2107 5229 poenitentia,
2128 5143 2184 5229 qui

194 5249 250 5298 aas
300 5241 443 5317 appetat.
505 5232 557 5299 Ne
605 5251 683 5318 ergo
732 5253 794 5300 nes
838 5232 988 5316 plaeendi
1031 5232 1166 5299 ambitio
1215 5232 1256 5297 ad
1295 5246 1426 5316 tempus
1463 5230 1592 5298 immori
1616 5231 1664 5298 eri
1700 5231 1831 5297 luerunt
1862 5232 1944 5298 Dee.
1998 5230 2083 5297 Nam
2116 5231 2185 5296 eius

193 5317 235 5383 ed
262 5319 459 5403 oaptendam
492 5339 533 5385 ex
564 5318 622 5385 tali
653 5318 871 5386 mtentatiene
902 5319 1042 5404 gratiam
1074 5318 1165 5385 solli·
1215 5317 1348 5385 initium
1379 5318 1551 5386 mnstitnit
1612 5317 1707 5384 aulus
1743 5317 1786 5383 in
1820 5314 2040 5404 agnitione
2071 5315 2186 5382 veri·
