4762 6016
197 291 261 360 409
756 361 759 367 ,
1108 290 1258 360 CAPUT
1280 291 1307 357 1.
2139 295 2206 362 410

197 488 270 557 aliis
299 488 369 554 aius
400 488 602 555 mentionem
632 488 686 554 hio
708 486 832 554 Paulus
858 486 944 554 lauit
988 485 1176 571 Diligenter
1228 507 1312 571 quae
1339 486 1388 551 illi
1416 486 1626 553 autoritatem
1657 487 1798 572 deroget.
1843 486 1928 553 Vult
1954 508 2033 574 ergo
2056 489 2205 574 integrae

197 574 259 642 hoo
280 573 472 654 notandum,
502 595 567 641 uon
594 591 690 657 posse
711 572 890 639 incolumes
912 581 1000 639 stare
1022 573 1175 641 eoelesiaa
1228 593 1299 640 aaa
1334 572 1596 640 existimationis.
1651 572 1722 640 Gur
1753 573 1865 638 iubeat
1897 573 2018 641 unius
2057 578 2204 644 uxoria

196 659 270 729 eine
290 668 457 743 pastorum
480 659 679 726 ministerio:
707 657 845 743 proinde
866 657 1053 742 ubieunque
1075 659 1176 725 luerit
1226 659 1419 725 maritum
1448 678 1534 743 oeae,
1564 659 1600 724 in
1625 658 1732 742 priore
1754 658 1795 724 ad
1818 659 2028 726 Timotheum
2050 660 2204 730 diximus.

197 745 330 830 aliquod
322 745 450 897 Nplebio
464 766 590 829 eorpus,
612 744 679 811 illio
720 743 950 810 raelioieudum
973 765 1044 811 esee
1065 753 1173 828 pasto·
1227 744 1320 810 Trita
1346 743 1425 810 adeo
1456 745 1544 810 inter
1564 744 1703 811 Iudaeos
1731 745 1808 829 poly
1850 743 1916 810 mia
1940 753 2022 823 erat,
2043 756 2080 811 ut
2102 767 2205 832 prava

196 851 278 900 rena
355 852 438 915 eque
465 841 577 898 tamen
599 832 649 898 ain
711 829 888 914 isoppidis
909 830 1057 915 singulos
1079 831 1174 896 attri·
1226 829 1427 896 eonsuetodo
1455 830 1491 897 in
1518 831 1624 914 legem
1651 851 1806 914 propemo
1830 851 1884 896 um
1908 851 2003 897 rarae
2026 844 2120 898 eaaet.
2167 832 2203 900 Si

196 916 267 984 buit
295 922 454 1001 pastores,
483 918 532 983 ιιι
552 926 589 984 ut
610 938 632 982 n
670 916 721 983 lna
743 915 832 983 loeua
855 916 930 1000 plus
951 936 1018 981 uno
1039 915 1173 982 lrabeat:
1248 917 1298 982 uia
1314 916 1405 995 duaa,
1420 916 1611 1001 priusquam
1628 914 1761 984 Christo
1778 935 1898 983 nomen
1914 916 2063 997 dedisset,
2084 937 2203 987 uxorea

197 1002 254 1069 sed
287 1002 395 1069 nullae
423 1001 521 1070 urbae
550 1001 624 1070 vult
650 1002 834 1087 pastoribus
863 1001 1004 1067 destitui.
1055 1001 1174 1068 Prea·
1226 937 1375 1079 suxerat,
1398 1022 1472 1068 eum
1489 1021 1603 1086 eogere
1617 1002 1658 1067 ad
1677 1003 1815 1068 alteram
1833 1001 2067 1086 repudiandam
2090 1004 2204 1072 luisset

197 1087 365 1173 hyteroa
387 1089 438 1157 vel
453 1090 598 1156 seniores
613 1089 694 1155 satis
708 1096 822 1154 notum
843 1096 894 1153 eet
915 1107 980 1152 non
1004 1087 1045 1153 ab
1066 1095 1173 1155 aetate
1225 1087 1458 1153 inhumanum:
1480 1089 1591 1171 itaque
1606 1088 1691 1172 quod
1714 1087 1833 1170 alioqui
1852 1089 2004 1154 vitiosum
2020 1098 2099 1172 erat,
2120 1091 2202 1158 tole·

197 1173 276 1241 diei:
298 1178 411 1258 utpote
425 1193 527 1259 quum
542 1175 577 1240 in
593 1194 668 1241 eum
684 1172 832 1241 ordinem
848 1173 1014 1239 interdum
1037 1173 1173 1240 iuvenes
1225 1173 1345 1240 rabant
1377 1174 1526 1258 apostoli,
1559 1174 1635 1258 quia
1665 1174 1750 1240 eorri
1794 1195 1830 1239 re
1859 1194 1925 1240 non
1953 1184 2112 1258 poterant.
2157 1164 2202 1242 tlt

195 1258 392 1345 legerentur,
420 1260 519 1329 aienti
540 1260 742 1327 Timotheus.
785 1257 913 1324 Verum
936 1259 998 1324 hoe
1019 1259 1172 1325 omnibus
1226 1259 1282 1343 qui
1298 1279 1335 1324 ee
1348 1259 1414 1324 iam
1428 1258 1681 1343 implioaverant
1700 1281 1757 1326 rnu
1772 1258 1873 1343 tipliei
1895 1260 2054 1345 ooniugio,
2076 1263 2202 1329 etiamsi

194 1345 318 1431 linguis
329 1367 458 1431 semper
469 1354 638 1430 reeeptnm
648 1345 721 1430 fuit,
736 1346 783 1413 siu
798 1347 908 1412 rotari
923 1344 1059 1410 honoris
1073 1365 1172 1412 eausa
1224 1353 1355 1411 retenta
1385 1345 1481 1411 unioa
1510 1366 1614 1411 uxore
1638 1346 1876 1429 poenitentiam.
1892 1367 1987 1412 auam
2010 1347 2124 1413 testari
2146 1369 2201 1432 pa-

195 1450 309 1498 omnee
338 1432 581 1517 gubernatores.
626 1431 738 1513 Quum
768 1440 879 1496 autem
902 1430 1048 1514 duplieee
1070 1431 1172 1498 luisse
1224 1432 1287 1497 rati
1320 1440 1448 1497 essent:
1487 1430 1645 1497 dederant
1676 1440 1786 1497 ιιιιιιιι
1819 1432 2092 1515 intemperantiae
2123 1454 2202 1501 auae

195 1515 401 1602 presbyterae
423 1539 466 1584 ex
499 1518 608 1601 priore
630 1517 672 1584 ad
694 1516 905 1582 Timotheum
926 1516 1062 1599 epistola
1083 1517 1172 1582 eolli-
1224 1518 1367 1601 signum,
1399 1516 1487 1600 quod
1558 1525 1625 1583 sset
1654 1537 1766 1583 eorum
1794 1517 1900 1583 lamae
1922 1529 2033 1583 notem
2057 1518 2200 1603 aliquam

194 1622 327 1687 gamus:
369 1612 540 1703 oontextus
578 1603 688 1705 atatim
721 1601 872 1668 ostendet
894 1601 958 1702 'hie
992 1622 1058 1667 uon
1092 1603 1171 1669 elios
1224 1602 1364 1702 inurere.
1383 1688 1390 1702 .
1409 1602 1511 1704 Perin
1535 1624 1554 1667 e
1582 1607 1634 1703 est
1661 1604 1764 1703 igitur
1791 1604 1883 1704 auoai
1912 1603 2054 1706 iuberet·
2067 1605 2201 1687 Paulus,

194 1687 825 1858 titleltlt?⁸,¹tl¹ltel⁰⁰tl
849 1686 975 1840 lilii
988 1686 1172 1858 {liiiio}
1224 1688 1479 1873 defleuit
1503 1687 2201 1862 stlte?littllttltltttt

195 1855 263 1924 sed
295 1860 425 1926 ridetur
457 1860 598 1961 nimium
631 1859 707 1926 ll‘ito
738 1859 939 1961 permittere,
973 1857 1049 1924 dum
1082 1859 1172 1926 iubet
1224 1859 1325 1927 libido
1363 1861 1398 1961 iu
1432 1860 1542 1944 plures
1575 1880 1693 1926 uxores
1725 1868 1879 2010 {ramata
1906 1861 2015 1926 luerit.
2069 1862 2202 1964 Interea

194 1963 282 2096 tlt
299 1945 1050 2117 ttzltsstssssttltthltitillo,
1076 1945 1172 2097 {llil
1224 1945 2086 2131 ltftttltlttttrttitlssttttl,tell
2096 1948 2202 2102 tlt:

194 2124 227 2216 at
248 2116 388 2218 singulis
409 2118 554 2218 aoeleeiia
575 2117 804 2219 ina-eligendi,
831 2125 865 2182 et
886 2125 1055 2201 pastorum
1078 2117 1172 2184 eolle-
1224 2117 1300 2182 Non
1311 2118 1404 2217 enim
1420 2116 1607 2218 eligendnm
1626 2117 1721 2185 dooet
1743 2138 1799 2201 qur
1820 2118 1920 2184 luerit
1941 2119 2080 2187 maritus
2101 2122 2202 2187 nnius

195 2202 1170 2374 gglssqffguqffmitsilgrttgrtiosgmaggonem.meffrueglerssm
1224 2204 1440 2356 uxonffigregls
1454 2211 1710 2372 mmet.
1747 2288 1858 2388 Quum
1873 2288 2049 2372 prudentia
2070 2298 2104 2355 et
2125 2310 2199 2376 gra·

196 2374 327 2458 sponsio
365 2374 470 2442 fauilla
502 2385 563 2458 eat,
596 2396 661 2441 non
693 2374 839 2460 permitti
872 2374 1008 2440 arbitrio
1037 2373 1105 2440 witi
1134 2381 1172 2440 ut
1224 2374 1310 2442 ritas
1333 2376 1518 2458 requiratur
1541 2376 1574 2441 in
1600 2386 1740 2457 pastore,
1764 2394 1836 2440 arua
1857 2376 1998 2458 speeiem
2020 2376 2054 2441 in
2076 2375 2200 2444 familia

195 2478 282 2526 unua
299 2460 403 2544 possit
423 2462 544 2545 omnia,
561 2470 594 2527 et
614 2481 696 2546 quoe
717 2461 859 2526 voluerit
881 2461 1048 2544 epiaoopos
1069 2461 1170 2526 eoole·
1223 2461 1364 2546 apaetari
1392 2461 1555 2528 eonvenit.
1599 2460 1685 2527 Nam
1716 2461 1772 2544 qui
1803 2461 1936 2526 domum
1966 2482 2058 2527 auum
2085 2483 2202 2548 regere

195 2544 253 2612 siis
267 2544 430 2630 imponat:
453 2546 510 2613 sed
525 2556 654 2613 tantum
675 2548 765 2613 iubet
787 2556 825 2612 ut
846 2545 1058 2613 alentionibns
1079 2566 1172 2629 prae-
1223 2567 1288 2612 non
1319 2556 1433 2629 potest,
1467 2546 1627 2630 quomodo
1655 2545 1816 2630 regendae
1845 2545 1999 2612 eoolesiae
2027 2567 2088 2631 par
2114 2548 2200 2615 erit?

194 2630 237 2696 ait
265 2639 422 2717 tanquam
447 2631 647 2715 moderator,
680 2634 775 2700 aienti
804 2653 936 2699 neeesse
965 2636 1026 2698 eat.
1078 2631 1171 2698 Haeo
1224 2631 1341 2697 deinde
1370 2652 1434 2697 non
1463 2633 1572 2715 ipsum
1601 2631 1698 2697 modo
1725 2632 1908 2716 episeopum
1939 2632 2055 2716 probro
2077 2654 2199 2721 serere,

193 2715 343 2799 loquutio
379 2718 461 2784 satia
496 2719 577 2785 trita
611 2727 678 2785 eat:
720 2719 748 2783 si
785 2717 905 2783 dieitur
940 2716 1069 2795 oonsul,
1113 2728 1172 2784 aut
1223 2717 1281 2783 sed
1310 2727 1410 2783 totum
1442 2717 1573 2783 domum
1603 2718 1698 2801 quasi
1732 2718 1888 2783 honestae
1918 2728 1952 2784 et
1973 2728 2081 2785 oaetaa
2104 2720 2199 2786 diani-

193 2800 353 2882 interrex,
380 2812 439 2869 aut
465 2804 603 2871 dietator
624 2804 774 2871 eonsules
795 2823 932 2881 ureaase,
963 2803 1017 2887 qui
1040 2805 1171 2870 eomitia
1222 2803 1333 2887 plinae
1359 2804 1527 2888 speoulum
1557 2824 1627 2870 esse
1654 2813 1790 2887 oportet,
1818 2802 1891 2868 ideo
1919 2805 1962 2869 ad
1990 2804 2197 2872 (timotheum

193 2886 353 3038 eliffindis
374 2888 441 2954 illis
465 2888 590 2956 habuit.
626 2887 682 2958 Sia
704 2909 834 2975 quoque
856 2888 897 2954 de
911 2889 1016 2955 Paulo
1038 2899 1070 2954 et
1085 2888 1169 2956 Bar·
1223 2908 1289 2954 non
1319 2890 1427 2954 minua
1453 2899 1602 2956 noourate
1630 2889 1785 2956 uxoribus
1816 2890 1973 2973 praecipit
1994 2891 2106 2974 quales
2128 2912 2200 2958 ease

192 2992 238 3038 na
307 2973 451 3057 loquitur
472 2975 507 3041 in
530 2975 623 3042 Aetia
645 2975 864 3043 Lueaarnon
887 2974 975 3058 quod
996 2973 1056 3041 soli
1079 2994 1170 3060 prae-
1223 2973 1372 3041 debeant.
1416 2976 1565 3040 Primum
1595 2996 1672 3042 raro
1701 2976 1755 3042 hie
1781 2975 1817 3040 in
1846 2973 1958 3041 liberis
1995 2977 2133 3061 requirit
2161 2987 2198 3045 ut

192 3058 338 3146 litarem,
370 3059 462 3145 quasi
493 3080 552 3145 pro
583 3061 731 3145 imperio,
765 3070 910 3145 pastores
931 3060 1076 3127 oooleeiie
1109 3081 1170 3128 neo
1221 3064 1288 3126 sint
1304 3059 1431 3127 fideles:
1455 3059 1541 3126 unde
1558 3071 1725 3146 appareat,
1746 3063 1780 3126 in
1795 3081 1875 3126 sana
1898 3061 2028 3145 pietatis
2051 3063 2198 3131 doetrina

192 3144 346 3227 probatos
374 3166 436 3214 uee
463 3146 627 3232 eognitos:
659 3147 718 3214 aad
745 3148 822 3230 quia
848 3147 982 3212 idoneos
1010 3147 1169 3227 homines,
1221 3157 1255 3212 et
1276 3149 1394 3212 timore
1416 3146 1549 3212 Domini
1571 3168 1642 3213 esse
1664 3146 1827 3213 adunatos.
1872 3142 2034 3228 Seeundo,
2063 3169 2106 3215 ne
2131 3151 2199 3215 sint

215 3230 250 3296 ui
272 3252 292 3297 e
313 3231 432 3318 populo
454 3232 549 3300 eleoti
571 3230 626 3298 vel
646 3233 782 3317 expetiti
803 3233 945 3316 fuerant,
967 3232 1167 3299 ordinarent.
1220 3233 1343 3317 prolusi
1376 3233 1410 3299 in
1440 3231 1569 3298 luxum:
1603 3242 1642 3298 ut
1674 3232 1752 3299 hine
1781 3251 1908 3315 quoque
1938 3236 2069 3317 agnoeoi
2099 3242 2198 3320 queat

229 3316 236 3331 ”
272 3318 359 3386 imus
381 3318 514 3403 quidem
535 3337 577 3385 ax
599 3317 661 3384 hoe
682 3318 763 3404 loeo,
785 3339 850 3384 non
872 3338 944 3383 eam
967 3317 1067 3385 luisse
1088 3329 1168 3385 tuno
1221 3328 1406 3402 temperans
1443 3328 1476 3384 at
1515 3318 1651 3404 frugalia
1683 3317 1841 3385 adunatio.
1898 3319 2019 3400 Tertio,
2057 3343 2099 3388 ne
2130 3323 2197 3390 aiut

191 3402 422 3487 aequalitatem
454 3403 543 3472 inter
574 3403 728 3472 eoeleeiee
760 3405 937 3486 ministros,
970 3403 1049 3485 quin
1083 3424 1168 3470 unus
1220 3405 1499 3490 immorigeri:
1523 3408 1598 3489 quia
1615 3404 1673 3472 vix
1696 3404 1849 3488 populum
1873 3405 1985 3472 lreeno
2007 3407 2197 3491 disaiplinae

189 3486 308 3571 aliquia
329 3490 503 3556 autoritate
525 3494 560 3556 et
585 3491 721 3558 oonsilio
744 3500 923 3575 praeesset:
952 3489 1036 3555 nihil
1057 3500 1166 3556 tamen
1219 3493 1410 3571 eontinaret,
1432 3491 1489 3573 qui
1503 3511 1523 3556 a
1536 3491 1648 3557 liberis
1673 3491 1798 3557 nnllam
1815 3493 2030 3559 reverentiam
2050 3495 2103 3562 vel
2121 3494 2196 3561 aub-

189 3571 252 3640 hoo
266 3573 308 3640 ad
324 3575 533 3659 tyrannionm
550 3584 585 3641 et
607 3576 780 3660 profanum
801 3575 1008 3643 eollationum
1032 3594 1167 3658 morem,
1219 3576 1392 3643 ieotionem
1414 3587 1521 3661 potest
1540 3578 1725 3661 impetrare.

189 3658 453 3812 affigam
468 3669 595 3744 rom
624 3661 723 3746 longo
744 3662 832 3727 enim
855 3662 986 3731 divom
1007 3662 1069 3727 tuit
1091 3681 1165 3746 apo·
1305 3749 1324 3814 l
1361 3747 1486 3832 Oportet
1503 3749 1586 3814 eaba
1607 3748 1784 3832 episcopam
1804 3767 1870 3815 esse
1890 3770 1912 3816 a
1932 3749 2063 3816 mesiae
2083 3751 2195 3816 immeo

276 3833 307 3898 6.
330 3829 811 3913 &praetermeantem
851 3831 903 3898 Ne
917 3833 991 3916 quis
1004 3832 1081 3898 (lito
1095 3854 1166 3900 auo·
1217 3854 1296 3919 aem,
1316 3839 1467 3915 tanqam
1488 3833 1553 3900 Dei
1572 3853 1773 3918 oeconomiam
1803 3854 1866 3901 aaa
1880 3835 2108 3921 proefroetom,
2133 3856 2195 3905 nort

190 3926 333 4001 senseat,
355 3918 448 4001 quasi
463 3916 601 3982 nimium
617 3917 660 3982 ιιι
675 3937 823 3983 morosus
837 3926 897 3982 aut
911 3938 1045 3983 severus
1068 3938 1164 4001 quoa·
1216 3919 1416 4000 amodum,
1445 3939 1508 3986 nort
1531 3921 1684 4004 moneam,
1713 3939 1774 3985 aea
1789 3940 2017 4007 pemaeorem,
2045 3941 2109 3988 aon
2128 3927 2195 3987 tur-

191 4002 267 4069 dam
284 4001 481 4088 repellendo,
505 4011 606 4068 totam
625 4002 661 4067 in
683 4024 718 4069 se
739 4001 897 4069 invidiam
912 4002 1039 4070 Paulus
1060 4010 1165 4070 trans·
1211 4007 1298 4088 piter
1329 4004 1415 4072 heere
1447 4005 1600 4072 deditam
1638 4005 1670 4071 8.
1700 4005 1755 4071 aed
1785 4005 1986 4092 hospitalem,
2019 4009 2194 4074 neumam

189 4087 264 4155 lert.
310 4087 356 4157 Se
380 4089 469 4154 enim
490 4089 540 4154 itu
562 4087 682 4154 diserte
711 4087 883 4155 mandasse
910 4089 1165 4172 pronuntiatae
1216 4091 1666 4175 beuipuitotie,temperom
1681 4093 1975 4176 immerentium,
1990 4093 2193 4173 mudeutum,

191 4175 265 4258 quia
294 4175 496 4258 admittatur,
525 4174 588 4250 niai
617 4173 747 4258 qualem
778 4174 831 4241 hie
861 4174 1026 4241 deeorihit.
1073 4175 1163 4261 Ergo
1216 4176 1248 4244 9.
1277 4183 1414 4243 morem
1439 4175 1544 4259 fidelia
1568 4178 1722 4245 emonis
1749 4179 1805 4262 qai
1829 4180 2000 4247 amatam
2020 4179 2193 4247 moenem

190 4259 286 4326 siouti
314 4281 420 4344 nuper
444 4260 555 4326 'litum
584 4261 783 4343 praelautum
812 4280 831 4324 a
860 4280 896 4326 se
923 4260 1163 4328 moderatorem
1215 4267 1274 4330 est:
1304 4267 1340 4328 ot
1359 4267 1469 4345 poterae
1493 4264 1536 4330 eit
1561 4268 1588 4331 et
1613 4262 1775 4331 mtouart
1795 4283 1858 4346 per
1877 4265 2048 4331 dootrinum
2068 4284 2192 4349 sonora

189 4343 338 4411 meandis
359 4347 544 4430 pastoribus
575 4346 675 4412 luisse
703 4356 838 4412 testatus
868 4355 926 4426 est,
962 4358 997 4412 nt
1025 4345 1085 4413 hoo
1113 4347 1162 4412 illi
1215 4349 1501 4416 eteontrudiceretee
1520 4349 1705 4416 moenere.

188 4430 241 4497 ine
262 4432 495 4498 enneaderetnr
524 4430 565 4497 ab
586 4431 673 4498 aliia:
704 4432 751 4498 ita
773 4453 859 4498 nuno
882 4432 959 4515 quid
983 4432 1162 4517 praeserip-

188 4517 268 4582 serit
283 4526 404 4598 narrat,
425 4516 642 4583 aemulorum
664 4516 837 4584 calumniis
859 4518 914 4584 vel
934 4518 1161 4602 imperitorum
1302 4520 1331 4586 l.
1358 4519 1483 4603 Oportet
1508 4521 1694 4605 episcopam.
1739 4519 1864 4586 Iterum
1894 4521 2014 4603 repetit
2041 4542 2105 4600 eoa,
2138 4521 2192 4607 qui

187 4600 331 4669 invidiae
352 4603 505 4686 exposita
525 4604 569 4670 eit
590 4604 660 4668 eiua
681 4606 848 4670 seueritas.
889 4603 1064 4669 Caeterum
1087 4605 1163 4687 quia
1215 4606 1255 4672 ad
1289 4606 1511 4690 episeopatum
1543 4607 1729 4690 adspirant,
1762 4605 1880 4672 dehere
1902 4605 2048 4673 illaesam
2070 4609 2190 4673 lamam

186 4687 279 4754 loeus
308 4687 362 4753 hie
391 4688 484 4772 quasi
511 4688 547 4753 in
576 4687 688 4754 tabula
717 4690 894 4773 imaginem
916 4689 1055 4773 legitimi
1077 4691 1162 4773 epia·
1215 4690 1349 4757 afferre:
1373 4691 1470 4775 idque
1485 4692 1611 4759 ratione
1624 4691 1808 4772 aoniirmat,
1830 4693 1917 4777 quia,
1940 4713 2040 4776 quum
2056 4693 2191 4759 eooleeia

187 4774 261 4858 topi
297 4773 392 4840 uobis
429 4774 593 4859 depingit,
631 4773 803 4858 diligenter
838 4775 1065 4842 observandus
1102 4784 1161 4842 eet.
1214 4778 1257 4842 ait
1286 4777 1402 4843 domus
1424 4777 1495 4858 Dei,
1525 4778 1673 4861 quisquis
1703 4781 1772 4843 eius
1796 4779 2023 4861 gubernationi
2046 4777 2192 4861 praefini-

187 4857 408 4941 Quintanas
430 4881 513 4944 quae
535 4860 590 4926 hio
610 4860 781 4938 habentur,
804 4861 839 4925 in
861 4861 968 4943 priore
990 4859 1031 4928 ad
1053 4862 1161 4928 Timo·
1215 4872 1279 4944 tur,
1299 4863 1403 4929 veluti
1422 4884 1616 4930 oeeonomus
1631 4861 1695 4928 Dei
1718 4863 1940 4931 eonstituitnr.
1974 4864 2085 4947 Atque
2106 4863 2192 4930 male

186 4943 300 5012 thaam
330 4945 466 5028 apiatola
494 4946 605 5011 omnia
634 4947 702 5015 lere
737 4949 890 5028 exposui,
930 4968 1018 5014 nuno
1044 4947 1162 5014 leviter
1214 4947 1342 5015 audiret
1373 4949 1462 5014 inter
1494 4950 1644 5015 homines
1675 4949 1732 5034 qui
1763 4970 1974 5016 oeeonomnm
2007 4955 2190 5016 assumeret

185 5031 349 5117 attingere
363 5032 442 5097 satia
457 5031 565 5097 fuerit.
588 5026 808 5120 ’Aet-palmer
829 5032 996 5118 intelligit,
1017 5054 1084 5099 non
1105 5034 1161 5118 qui
1214 5035 1406 5119 probrosum
1422 5044 1456 5100 at
1470 5035 1626 5102 adversae
1648 5035 1769 5101 lamae:
1793 5035 1889 5119 longe
1911 5054 1990 5120 ergo
2012 5037 2117 5120 magis
2137 5033 2189 5101 in·

186 5117 227 5184 ab
243 5117 330 5183 omni
345 5117 426 5184 vitio
444 5117 486 5184 ait
507 5117 663 5184 immunis
685 5121 774 5203 (talia
797 5120 884 5183 enirn
907 5119 1048 5186 inveniri
1066 5139 1162 5186 nemo
1214 5120 1351 5205 dignum
1374 5131 1407 5186 at
1430 5122 1537 5188 minue
1560 5119 1739 5205 tolerabile,
1777 5119 1841 5186 Dei
1863 5120 2004 5187 familiae
2027 5121 2110 5187 talea
2131 5122 2190 5186 irn-

186 5222 327 5288 uequam
350 5202 482 5290 posset),
509 5203 566 5270 sed
595 5204 652 5286 qui
682 5203 774 5272 nulla
797 5204 935 5272 infamia
963 5213 1096 5274 notatus
1117 5206 1162 5272 sit
1214 5207 1292 5291 poni
1322 5208 1512 5292 praeleatos
1556 5208 1684 5275 Nomen
1711 5207 1953 5293 dispensatorie,
1982 5207 2069 5293 quod
2091 5207 2191 5273 lirae-
