4762 6016
185 264 248 329 363
806 257 952 324 EPIST.
972 257 1116 323 PAULI
1138 256 1203 322 AD
1225 254 1510 321 TIMO'PHEUM
1532 254 1567 319 II
2128 254 2197 321 364

185 457 225 523 de
248 476 356 520 errore
378 453 561 538 Hymenaei
583 462 616 518 et
639 452 760 518 Phileti
782 451 944 536 loquetur.
986 450 1160 535 Negabant
1211 449 1299 532 qnod
1321 448 1455 532 patitur,
1474 448 1549 532 qnia
1564 447 1605 513 ad
1629 467 1743 513 eorum
1766 447 2048 514 oonfirmstionsm
2071 449 2195 516 valeat.

185 541 273 607 enim
296 541 574 616 resurrectionem,
597 539 688 604 ouius
710 538 869 604 babemus
890 547 1018 604 eertum
1039 538 1074 601 in
1097 537 1160 603 hae
1211 536 1304 601 Haeo
1331 535 1456 599 inviota
1484 542 1534 599 est
1556 542 1740 617 martyrum
1764 532 1889 599 Christi
1911 533 2078 614 fortitudo,
2111 535 2192 602 dnm

185 627 385 692 oonfessinne
410 626 540 710 pignus,
570 624 649 690 dum
671 624 790 690 laetam
813 644 885 689 esse
906 623 1159 689 mentiebantur.
1212 621 1409 687 eonseientia
1441 620 1544 685 bonae
1576 640 1702 696 oausae,
1735 639 1834 701 quam
1857 626 1971 703 agunt,
2004 640 2061 686 eos
2091 640 2192 704 supra

185 712 358 778 Caeterum
386 733 484 794 quam
507 710 688 776 neeessaria
710 709 808 775 inerit
828 709 909 775 haeo
931 709 1028 775 Pauli
1048 709 1160 774 admo·
1212 707 1372 773 mundum
1402 706 1535 771 attollit:
1565 713 1602 771 ut
1630 726 1696 770 non
1727 713 1857 770 tantum
1889 707 2034 789 eorporis
2063 707 2193 775 dolores

185 799 275 876 nitio,
298 807 425 864 veteres
440 797 593 862 historiae
609 795 794 861 ostendunt.
831 794 1049 877 Qnasounque
1072 795 1159 859 enim
1211 808 1244 857 et
1264 793 1437 870 oruoiatus,
1459 791 1516 857 sed
1538 790 1686 874 quamvis
1707 791 1922 874 ignominiam
1944 792 2038 875 quasi
2060 814 2101 859 ex
2125 794 2194 860 alto

186 882 354 949 maehinas
388 883 510 967 potuit,
543 881 647 948 Satan
680 879 823 947 admovit
856 881 898 945 ad
931 879 1160 946 destruendam
1212 878 1400 962 despioiant.
1435 878 1506 943 Imo
1535 877 1598 943 baa
1626 877 1827 961 eogitatione
1856 879 1981 961 erigere
2010 899 2045 944 se
2070 878 2193 946 debent

185 968 271 1036 hane
303 968 410 1034 fidem.
454 969 541 1033 Nam
574 987 675 1051 quum
708 967 776 1033 sint
808 966 873 1030 duo
906 967 976 1032 eius
1005 966 1158 1046 membra,
1211 985 1325 1030 omnes
1353 964 1414 1046 pii,
1447 963 1526 1029 dum
1555 962 1718 1047 evangelii
1756 963 1924 1029 ministros
1957 964 2193 1032 oontumeliose

187 1052 358 1119 Christum
391 1076 433 1120 ex
465 1053 589 1120 semine
616 1052 726 1121 David
760 1073 831 1118 esse
859 1053 1024 1135 genitum,
1057 1056 1091 1117 st
1119 1074 1160 1116 ex
1212 1049 1347 1116 traotari
1375 1050 1487 1117 vident
1514 1049 1554 1115 ab
1583 1048 1789 1129 adversariis,
1823 1070 1864 1114 ne
1887 1061 2060 1134 propterea
2083 1052 2194 1118 minus

186 1147 292 1204 morte
320 1140 555 1206 resurrexisse:
585 1141 696 1206 statim
725 1158 744 1203 a
770 1148 915 1220 tempore
937 1136 1159 1220 apostolorum
1214 1145 1405 1202 reverenter
1434 1135 1474 1201 de
1505 1134 1654 1202 (lontrina
1678 1136 1838 1201 sentiant:
1870 1134 1926 1201 sed
1949 1134 2030 1202 dent
2051 1136 2192 1220 gloriam

186 1233 321 1292 exortus
350 1231 401 1292 est
427 1226 586 1303 Marcion,
616 1226 672 1308 qui
700 1225 864 1290 humanae
893 1223 926 1288 in
949 1222 1083 1289 Christo
1102 1242 1160 1286 na·
1212 1220 1293 1300 Deo,
1323 1223 1417 1287 onius
1447 1222 1568 1287 virtute
1596 1220 1686 1286 illam
1714 1241 1884 1304 erumpere
1907 1221 2022 1288 vident
2044 1243 2103 1306 per
2125 1244 2193 1290 om·

186 1319 280 1375 turae
311 1312 483 1379 veritatem
511 1309 640 1376 abolere
661 1323 797 1376 oonatus
818 1317 878 1373 est.
921 1307 1062 1391 Seqnuti
1084 1318 1160 1373 sunt
1213 1307 1268 1373 nia
1296 1307 1410 1372 mundi
1439 1307 1617 1373 obstaoula.
1662 1307 1709 1372 Et
1736 1325 1815 1372 sane
1844 1307 1909 1372 nisi
1936 1308 2078 1375 nimium
2099 1309 2192 1376 narni

186 1393 302 1461 deinde
334 1397 528 1463 Maniehaei.
579 1397 624 1462 Et
656 1396 737 1462 baeo
769 1394 871 1478 pestis
904 1394 1000 1460 bodie
1033 1413 1161 1476 quoque
1212 1392 1333 1459 addieti
1348 1413 1504 1474 essemus,
1527 1393 1598 1458 sola
1620 1392 1700 1460 haee
1721 1392 1902 1460 consolatio
1924 1395 2074 1461 suitieere
2096 1395 2193 1462 nobis

185 1490 364 1565 grassatur.
409 1481 506 1564 Quod
535 1481 577 1548 ad
605 1481 875 1548 resurreetionem
897 1483 1033 1563 speetat,
1062 1499 1159 1562 quam
1212 1479 1247 1543 in
1268 1478 1575 1561 persequutionibus
1596 1478 1742 1545 deberet:
1765 1477 1852 1561 qnod
1873 1480 1901 1545 si
1923 1479 2095 1563 impiorum
2119 1500 2192 1547 sae-

185 1564 280 1632 mnlti
309 1577 343 1632 et
371 1589 469 1652 qnam
491 1568 591 1635 variis
613 1567 737 1633 artibus
760 1567 829 1632 eius
852 1586 942 1651 spem
965 1565 1161 1631 labefaotars
1213 1564 1294 1630 vitia
1322 1564 1549 1648 opprimimur,
1578 1563 1793 1630 nihilomiuus
1821 1574 2021 1650 propagatur
2048 1586 2193 1650 evange-

186 1653 292 1717 oonati
323 1652 421 1720 sunt?
471 1652 680 1720 Tantundem
712 1653 815 1737 igitur
848 1653 936 1719 valet
967 1651 1032 1717 ista
1065 1649 1160 1718 Pauli
1213 1649 1310 1730 lium,
1346 1662 1379 1715 et
1412 1650 1511 1716 latius
1542 1671 1578 1717 se
1612 1650 1773 1716 diffirndit
1831 1650 1917 1716 Nam
1950 1649 2106 1736 quidquid
2139 1651 2190 1718 illi

186 1739 360 1818 attestatio,
382 1740 466 1806 ansi
489 1739 639 1806 dixisset:
663 1739 797 1822 nequis
820 1736 1029 1823 evangelium
1051 1756 1160 1802 meum
1213 1736 1405 1816 moliantur,
1444 1736 1524 1803 adeo
1561 1757 1629 1802 non
1650 1736 1793 1802 obruunt
1833 1757 1940 1821 neque
1976 1737 2192 1822 exstinguunt

186 1821 361 1891 oalnmniis
393 1824 549 1908 depravet
581 1840 638 1891 ant
670 1823 846 1890 adulteret:
889 1825 933 1888 ita
967 1823 1081 1902 dooni,
1115 1823 1161 1887 ita
1214 1822 1380 1906 evangelii
1401 1822 1518 1902 luoem,
1551 1831 1589 1887 ut
1609 1823 1731 1889 elarius
1753 1823 1877 1888 eminet.
1921 1820 2081 1888 Libenter
2102 1843 2191 1907 ergo,

186 1909 382 1991 praedieari,
417 1909 596 1994 Christum,
629 1910 686 1994 qni
715 1910 900 1976 exsemine
923 1908 1033 1973 David
1063 1917 1161 1973 natus
1215 1908 1265 1974 vel
1303 1908 1420 1974 saltem
1454 1909 1590 1991 planatis
1622 1908 1742 1974 animis
1775 1910 1935 1989 feramus,
1976 1919 2044 1973 tam
2076 1928 2194 1992 eorpus

187 1991 285 2059 homo
306 2004 385 2075 erat,
412 1998 674 2062 resurrexisses
693 1997 839 2062 mortuis.
884 1994 1161 2076 Evangelium
1214 1998 1363 2059 nostrum
1409 2014 1507 2077 qnam
1550 2015 1671 2061 nomen
1715 2013 1844 2060 osroere
1879 1994 2043 2061 ooelnsnm
2081 1996 2195 2075 teneri,

188 2085 284 2144 voest
313 2101 445 2158 suum,
478 2103 542 2147 non
572 2091 610 2148 ut
637 2104 672 2148 se
698 2092 846 2148 autorem
869 2082 1070 2164 profiteatur,
1103 2077 1161 2145 sed
1213 2078 1310 2144 modo
1338 2086 1531 2163 perrumpat
1552 2078 1617 2146 Dei
1640 2080 1773 2161 veritas,
1802 2100 1841 2145 ao
1871 2079 1969 2165 longe
1998 2080 2129 2165 lateque
2159 2100 2194 2147 se

187 2163 386 2231 ministrum.
431 2167 606 2234 Caeterum
629 2168 664 2233 in
686 2168 814 2235 Christi
835 2167 1072 2233 resurreetione
1094 2185 1161 2230 oer-
1214 2164 1385 2230 diffundat.

189 2258 260 2312 tum
301 2250 458 2317 babemus
491 2264 624 2319 nostrae
655 2254 800 2321 omnium
833 2254 962 2336 pignus.
1018 2250 1162 2317 Proinde
1302 2250 1353 2317 10.
1386 2251 1590 2333 Quamobrem
1618 2253 1724 2318 ennio
1753 2254 1856 2320 tolero.
1907 2251 1961 2318 Ab
1989 2253 2109 2318 effeotn
2139 2252 2195 2318 do

186 2333 241 2416 qni
270 2335 391 2403 fatetur
417 2337 589 2405 Christum
619 2340 845 2415 resurrexisse,
878 2339 963 2403 idem
993 2337 1090 2403 stiam
1121 2335 1161 2402 de
1215 2343 1375 2403 monstrat
1398 2358 1495 2420 quam
1517 2336 1602 2403 nihil
1623 2338 1667 2403 sit
1689 2339 1723 2403 in
1748 2339 1815 2406 suis
1831 2337 1971 2405 vinealis
1989 2336 2149 2421 probrosn

186 2417 280 2486 nobis
313 2421 460 2489 futurum
492 2425 650 2491 affirmat:
683 2424 759 2509 qnia
790 2445 856 2490 non
888 2423 951 2491 sibi
983 2422 1162 2488 resurrexit
1215 2442 1318 2507 quum
1346 2423 1470 2489 scilieet
1497 2424 1609 2490 eleetis
1638 2444 1836 2509 magnopere
1859 2425 1926 2490 sint
1948 2424 2053 2490 utilia.
2097 2423 2153 2505 Qu

188 2502 351 2588 Christus,
383 2510 439 2575 sed
474 2511 575 2577 nobie.
624 2511 699 2576 Non
733 2512 819 2577 enim
854 2532 874 2575 a
906 2507 1062 2575 membris
1093 2508 1161 2574 suis
1214 2529 1250 2575 se
1268 2516 1429 2594 propter
1451 2509 1601 2576 eleetos
1623 2510 1800 2576 tolerare
1818 2510 1906 2587 dioit,
1923 2509 1984 2576 boo
1998 2519 2194 2594 argumento

186 2589 285 2656 avelli
314 2603 414 2677 eaput
442 2596 546 2663 debet.
589 2597 767 2663 Praeterea
794 2596 829 2661 in
852 2595 976 2662 Christi
999 2613 1162 2661 resurreo·
1214 2604 1278 2672 est,
1315 2601 1438 2680 quanto
1474 2595 1578 2678 pluris
1614 2594 1714 2662 faeiat
1746 2597 1901 2664 ecelesiae
1934 2594 2194 2663 sedifioationem

187 2675 276 2741 tione
317 2680 502 2748 continetur
537 2682 771 2767 redemptionis
806 2686 841 2748 et
876 2679 993 2747 salutis
1029 2690 1162 2746 nostrae
1214 2701 1314 2765 qnam
1346 2701 1381 2747 se
1413 2681 1530 2765 ipsum.
1580 2681 1697 2765 Neque
1726 2683 1814 2748 enim
1844 2682 1928 2748 mori
1957 2692 2100 2761 mutum,
2133 2680 2192 2748 sed

187 2761 471 2844 eomplementum.
530 2768 617 2835 Nam
661 2789 750 2834 mors
794 2788 921 2851 quoque
960 2765 1161 2851 adiungitur.
1215 2767 1314 2832 etiam
1337 2767 1423 2832 inter
1444 2767 1597 2834 seelestos
1619 2766 1769 2852 deputari
1791 2777 1928 2851 paratus
1947 2777 2008 2845 est,
2030 2776 2070 2833 ut
2091 2766 2194 2834 eoele-

189 2845 344 2916 Cbristns
364 2873 451 2935 ergo,
473 2855 528 2936 qni
550 2862 698 2921 mortuns
719 2863 779 2933 est,
803 2853 996 2920 resurrexit:
1018 2849 1100 2918 our?
1129 2859 1164 2917 et
1214 2853 1282 2918 siae
1309 2852 1449 2920 salutem
1480 2867 1682 2936 promoveat.
1726 2853 1903 2921 Caeterum
1931 2853 2016 2919 idem
2039 2854 2102 2920 boe
2124 2852 2194 2921 looo

186 2931 493 3090 bloqddddmfidrennd?
511 2939 551 3090 th
552 2939 663 3092 id’isadt
670 2961 816 3093 11ιὲἱοῖἓέ
818 2939 1032 3106 ilelrtsgffiueost,
1045 2947 1163 3109 1ιὲᾞὲ
1213 2937 1479 3091 dbddtioilbadduidrr
1487 2938 1573 3092 (11ξῇ
1601 2938 2194 3110 pdlddodedudditteCdgsgoplrdddiodibdrd:

188 3110 256 3203 tam
285 3047 531 3177 resurreetidngils
560 3133 657 3195 qnam
687 3112 810 3178 mortis.
854 3111 940 3176 Nam
961 3074 1023 3176 hob
1043 3109 1162 3194 prinoi-
1215 3131 1274 3195 pro
1296 3131 1431 3195 eorpore
1445 3047 1525 3192 eide,
1540 3047 1626 3196 qdod
1640 3119 1689 3177 est
1704 3111 1849 3180 eoelesia.
1876 3112 1972 3179 Unde
1988 3112 2195 3196 papistarnm

186 3209 277 3271 prum
307 3213 434 3279 semper
463 3198 639 3264 tenendum
662 3208 721 3282 eet,
752 3198 947 3281 seripturam
970 3216 1037 3262 non
1058 3196 1163 3261 solere
1215 3197 1417 3280 impudentia
1453 3197 1583 3264 abunde
1613 3197 1791 3280 refellitur,
1827 3200 1883 3281 qui
1919 3197 1998 3264 inde
2033 3196 2194 3282 eolligunt

187 3273 228 3341 de
249 3277 315 3344 illis
343 3279 497 3348 historiae
518 3287 647 3350 tanturn
671 3306 708 3351 ao
733 3284 850 3368 frigide
871 3282 970 3366 loqui,
999 3280 1055 3348 sed
1078 3280 1163 3349 fruo-
1215 3287 1355 3349 mortem
1384 3284 1454 3348 eins
1483 3285 1583 3349 fuisse
1611 3303 1671 3368 pro
1700 3285 1840 3368 peooatis
1870 3284 1990 3351 nostris
2011 3284 2191 3350 sabstaeto·

187 3371 256 3427 tum
279 3361 509 3434 subaudiendo.
1215 3369 1308 3435 riam.
1346 3368 1451 3450 Quasi
1472 3390 1549 3437 sero
1572 3369 1662 3435 alind
1684 3372 1783 3436 morti
1805 3391 1885 3437 suas
1907 3375 2038 3454 arroget
2056 3367 2194 3448 Paulus,

274 3447 330 3514 Eo
357 3453 473 3518 semine
499 3453 619 3521 Dauid.
671 3454 744 3522 Hae
777 3453 938 3535 partionis
970 3475 1035 3519 non
1067 3454 1162 3519 modo
1215 3474 1313 3538 quam
1343 3455 1429 3538 quod
1460 3455 1587 3539 piornm
1616 3455 1715 3521 fidem
1744 3456 1789 3522 sit
1816 3457 2059 3522 eonfirmatnra
2105 3452 2193 3520 Nam

186 3535 344 3630 asseritur
371 3537 534 3604 hnmanae
563 3551 700 3606 naturae
724 3541 844 3605 veritas
863 3540 898 3604 in
921 3539 1070 3606 Christo:
1104 3539 1161 3604 sed
1215 3561 1292 3606 mox
1319 3540 1450 3606 additur
1471 3543 1639 3624 expositio,
1669 3562 1771 3626 quum
1795 3543 1933 3608 salntem
1956 3540 2102 3607 fidebam
2127 3561 2194 3606 non

188 3627 287 3683 etiam
308 3620 359 3686 illi
381 3622 573 3691 vendiostnr
595 3624 697 3692 bonos
719 3638 752 3692 st
774 3645 892 3691 nomen
911 3626 1061 3692 Messias.
1098 3625 1162 3690 Ne·
1214 3625 1293 3692 alibi
1314 3627 1430 3692 statuit
1452 3648 1549 3711 qnam
1569 3627 1607 3693 in
1629 3627 1774 3694 Christo.
1815 3627 1883 3695 Sed
1906 3636 1997 3711 petat
2019 3627 2118 3711 plera
2139 3627 2194 3710 qui

186 3717 268 3788 gant
308 3708 463 3776 haeretiei
497 3711 667 3777 Christum
707 3712 805 3777 luisse
838 3732 952 3778 verum
985 3711 1161 3790 hominem,
1215 3713 1304 3778 volet
1326 3733 1368 3778 ex
1391 3731 1429 3776 eo
1450 3712 1555 3796 eapite
1576 3714 1662 3798 quod
1683 3714 1866 3781 sitavimns.

186 3790 242 3888 alii
258 3791 425 3878 delapsum
441 3817 459 3861 e
473 3797 564 3864 eoelo
582 3799 720 3882 fingunt,
742 3797 798 3863 aiii
820 3806 949 3864 tantum
971 3796 1161 3880 apparuisse
1302 3797 1381 3864 Crem
1400 3798 1505 3882 plorio
1525 3803 1678 3868 mersae·
1715 3800 1780 3868 Hie
1801 3801 1878 3868 finis
1895 3808 1945 3866 est
1962 3799 2080 3867 salutis
2094 3818 2192 3884 quam

185 3896 221 3941 sn
243 3878 313 3961 ipso
337 3880 479 3948 hominis
501 3883 659 3966 speeiem:
683 3883 807 3950 Paulus
822 3904 864 3948 ex
879 3882 1017 3950 adverso
1032 3883 1160 3960 elamat,
1213 3887 1248 3951 in
1278 3884 1414 3950 Christo
1446 3886 1687 3968 oonseqnimur.
1741 3885 1840 3954 Salus
1872 3887 1962 3952 enim
1995 3894 2109 3951 nostra
2141 3892 2209 3950 est:

187 3982 228 4060 ex
258 3967 383 4032 semine
407 3965 516 4034 David
539 3968 648 4034 luisse.
692 3967 765 4049 Quo
789 3970 877 4035 hand
900 3969 997 4036 dubie
1019 3989 1160 4052 pronun·
1214 3969 1286 4038 Deo
1306 3971 1428 4050 vivere,
1451 3991 1535 4054 qnae
1554 3973 1668 4055 insipit
1685 3993 1705 4038 a
1722 3972 1968 4057 regeneratione
1986 3979 2113 4038 nostra:
2137 3970 2193 4036 ab·

188 4057 249 4115 nat
271 4072 386 4117 verum
410 4053 509 4119 luisse
531 4053 707 4131 hominem,
730 4074 771 4120 ex
787 4056 918 4122 homine
941 4056 1160 4140 progenitum,
1214 4057 1354 4125 solvitur
1384 4067 1494 4123 antem
1524 4057 1621 4140 plena
1650 4060 1757 4125 nostri
1779 4058 1980 4138 liberatione,
2010 4076 2108 4141 qnnm
2130 4077 2191 4121 nos

189 4153 307 4218 nempe
336 4156 377 4199 ex
399 4135 516 4204 Maria.
559 4138 632 4206 Hoo
661 4147 727 4205 tam
758 4141 913 4208 disertum
938 4143 1160 4208 testimoninm
1215 4144 1305 4209 Deus
1341 4165 1384 4209 ex
1420 4143 1569 4210 mortalis
1605 4143 1693 4212 vitae
1734 4145 1898 4211 aerumnis
1935 4142 2110 4209 subdnotos
2156 4143 2190 4208 in

189 4239 252 4301 quo
274 4220 379 4304 magis
401 4219 533 4288 eludere
555 4229 715 4290 sonantur
737 4226 901 4307 haeretiei,
925 4227 1159 4311 impudentiam
1214 4249 1353 4315 regnum
1386 4249 1484 4295 sunm
1511 4228 1647 4314 eolligit.
1700 4231 1753 4297 Ad
1782 4231 1869 4298 hano
1898 4230 2037 4296 salutem
2068 4228 2192 4294 aooedit

187 4324 281 4370 suam
312 4307 416 4392 magis
437 4307 602 4409 produnt..
634 4309 749 4378 Iudaei
771 4322 804 4380 et
826 4312 882 4379 alii
904 4312 1028 4380 Christi
1053 4314 1160 4380 hostes
1213 4315 1420 4401 partieipatio
1438 4315 1597 4399 eoelestis,
1619 4316 1766 4400 adeoque
1783 4319 1912 4383 divinae
1928 4314 2063 4401 gloriae.
2100 4315 2190 4398 Ergo

188 4409 264 4454 eum
286 4410 357 4458 esse
382 4399 514 4478 negant,
548 4415 605 4477 qur
626 4396 704 4463 olim
726 4398 902 4482 promissus
923 4401 1045 4467 fuerat:
1079 4400 1160 4465 Pau·
1213 4410 1251 4467 nt
1284 4399 1409 4467 Christi
1446 4401 1585 4484 gratiam
1622 4405 1847 4487 amplifioaret,
1886 4423 2005 4469 nomen
2038 4410 2191 4468 aeternae

187 4473 239 4540 lns
257 4486 381 4576 'autem
411 4481 553 4546 affirmat
575 4482 714 4550 Davidis
743 4505 812 4552 esse
842 4485 956 4566 filium,
989 4495 1023 4552 et
1050 4507 1090 4551 ex
1122 4504 1160 4551 ea
1212 4484 1334 4571 gloriae
1348 4485 1448 4552 saluti
1466 4489 1625 4571 apposuit.

187 4560 312 4629 fsmslra
342 4564 460 4632 duoere
488 4568 657 4652 originem,
687 4591 728 4636 ex
757 4592 821 4654 qua
842 4572 997 4639 Messium
1030 4572 1161 4640 deseen·
1301 4573 1353 4637 11.
1376 4571 1501 4640 Fidelis
1527 4594 1635 4641 sermo.
1684 4573 1924 4640 Praelationem
1952 4571 2086 4640 adhibet
2114 4594 2190 4640 sen·

187 4646 264 4715 dere
285 4653 436 4734 oportuit.
1214 4659 1346 4738 tentiae,
1369 4679 1467 4741 quam
1489 4681 1566 4725 mox
1587 4662 1741 4745 proferet,
1763 4661 1837 4742 quia
1860 4660 1945 4726 nibil
1966 4681 1987 4726 a
2007 4678 2190 4725 sensuoar·

232 4823 239 4837 ο
274 4737 304 4803 9.
338 4737 382 4803 Ia
413 4759 472 4837 quo
504 4741 615 4808 laboro.
670 4742 732 4807 Est
765 4744 962 4827 antioipatio.
1018 4742 1161 4809 Vineula
1213 4747 1265 4811 nis
1295 4746 1401 4829 magis
1431 4756 1480 4810 est
1509 4746 1662 4826 alienum,
1691 4765 1790 4828 qnam
1818 4747 2029 4812 moriendum
2058 4765 2130 4811 esse
2152 4753 2190 4811 nt

187 4843 275 4889 enam
304 4823 390 4906 apud
413 4829 579 4907 imperitos
600 4829 697 4894 fidem
718 4827 932 4896 detrahebant
954 4829 1042 4895 illius
1065 4852 1162 4895 evan·
1214 4833 1376 4912 vivamus,
1405 4851 1442 4897 ao
1472 4841 1612 4898 mortem
1639 4853 1709 4898 esse
1738 4831 1827 4896 vitae
1854 4831 1988 4898 aditum.
2033 4829 2118 4896 Nam
2148 4852 2190 4897 ex

187 4909 282 5007 gelio.
322 4908 461 4977 Fatetur
479 4934 558 4998 ergo
580 4935 625 4995 se,
647 4913 734 4998 qnod
755 4914 794 4980 ad
815 4926 985 4982 externam
1009 4916 1160 5000 speeiem,
1214 4918 1287 4983 aliis
1318 4916 1397 4982 loeis
1432 4916 1587 5002 eolligere
1616 4918 1699 4998 lieet,
1733 4917 1876 4983 Paulum
1902 4919 1938 4984 in
1968 4916 2063 4984 rebus
2095 4916 2190 4983 valde

186 5004 291 5061 instar
324 4995 473 5063 seelerati
504 4998 648 5067 hominis
677 5002 824 5068 vinetum
857 5023 942 5068 esse:
977 5002 1033 5067 sed
1061 4999 1160 5080 addit,
1214 5004 1315 5082 seriis,
1338 5012 1395 5067 ant
1416 5002 1542 5069 oreditn
1565 5004 1675 5068 minus
1696 5002 1853 5080 faoilibus,
1881 5005 1928 5070 ita
1950 5003 2090 5088 praefari
2114 5002 2189 5069 soli·

187 5099 247 5145 sna
284 5083 413 5151 vineola
450 5105 516 5150 non
552 5085 683 5153 obstare
720 5087 894 5171 quominus
927 5086 1029 5152 libero
1062 5106 1160 5152 eursu
1215 5099 1296 5154 tum.
1343 5086 1479 5153 Summa
1508 5101 1617 5153 autem
1647 5095 1707 5168 est,
1736 5110 1801 5154 non
1830 5089 1926 5155 aliter
1955 5111 2016 5156 nos
2043 5089 2128 5157 vitae
2157 5095 2190 5154 et

186 5168 338 5250 procedat
379 5170 596 5255 evangelium.
655 5172 728 5238 Imo
765 5174 877 5239 olentis
914 5173 1056 5239 salutare
1089 5192 1160 5237 esse
1213 5174 1337 5258 gloriae
1352 5172 1477 5238 Christi
1500 5175 1569 5239 iore
1589 5173 1702 5256 socios,
1725 5176 1787 5241 nisi
1811 5174 1902 5259 prius
1923 5196 1996 5242 oum
2012 5198 2051 5242 eo
2068 5175 2192 5242 mortui
