4762 6016
187 366 250 436 165
1074 365 1227 434 CAPUT
1246 364 1305 436 lv.
2129 365 2194 432 les

185 562 314 630 animas
346 561 497 628 dormire.
552 561 716 628 Tenemus
748 580 835 627 nuno
867 559 963 628 Pauli
997 570 1161 627 mentemr
1212 562 1377 646 praeferre
1406 580 1504 626 suum
1531 558 1583 628 vel
1606 560 1806 636 humanum,
1835 559 1892 626 aed
1914 559 2096 627 Dominum
2116 582 2193 629 esee

187 668 306 734 nempe
327 645 411 731 quod
433 646 578 714 fidelium
600 654 727 713 mentes
755 645 797 712 ad
819 644 1090 713 oonsiderandam
1112 667 1162 713 re-
1212 657 1371 714 autorem.
1413 644 1587 714 Probabile
1617 655 1728 712 autem
1756 657 1822 723 eat,
1850 666 2084 713 sermonem
2107 645 2193 715 Do·

187 733 422 802 surreotionem
452 731 582 811 attollit,
616 753 659 799 ne
691 732 727 797 in
757 751 890 798 snorum
923 737 1030 798 morta
1058 732 1161 798 nimio
1212 732 1314 799 mini
1332 732 1440 799 voeari
1454 743 1622 815 sumptum
1639 751 1680 797 ex
1695 732 1767 797 eiua
1789 731 2008 798 oonoionibus.
2045 732 2191 802 Tametsi

185 820 326 887 moerori
348 817 549 903 indulgeant.
593 816 785 885 Absurdum
814 819 900 883 enim
923 837 995 886 ease
1017 826 1055 883 ut
1076 816 1161 883 nihil
1212 819 1300 886 euim
1356 839 1399 884 ex
1449 816 1650 884 revelatione
1700 816 1859 884 didioerat
1901 817 2027 885 Paulus
2079 819 2192 885 omnia

187 905 342 973 differant
369 904 411 971 ab
439 902 634 982 infidelibus,
662 903 717 987 qui
744 902 818 969 ideo
847 903 974 969 nullum
1003 903 1162 970 adhibent
1211 905 1306 989 regni
1327 904 1476 971 eoelestis
1503 922 1638 969 aroana:
1669 903 1730 969 hoo
1759 912 1869 968 umen
1897 904 1939 969 ad
1961 902 2058 969 fidem
2082 923 2191 971 resur·

185 990 326 1058 moerori
348 991 448 1056 finem
471 989 523 1057 vel
547 989 689 1067 modum,
712 989 789 1073 quia
807 988 843 1054 in
865 998 968 1056 morte
991 987 1073 1055 nihil
1096 989 1160 1055 nisi
1212 989 1366 1057 rentiouia
1410 987 1643 1056 adstruendam
1680 989 1789 1071 aptius
1832 997 1904 1055 erat
1946 989 2032 1072 apud
2065 989 2190 1074 fideles,

185 1077 355 1144 interitum
379 1084 569 1159 agnosount
607 1072 673 1155 Qui
695 1073 757 1140 hoo
771 1075 957 1142 testimonio
979 1073 1161 1142 abutuntur
1212 1095 1312 1160 quum
1335 1076 1472 1141 referret
1491 1093 1576 1158 quae
1598 1075 1727 1157 proprio
1744 1073 1872 1142 Christi
1894 1096 1950 1141 ors
1972 1074 2098 1159 prodita
2119 1078 2192 1144 fue

186 1170 225 1229 ut
250 1162 384 1228 atoioam
411 1159 633 1237 indolentiam,
667 1159 729 1227 hoo
750 1167 811 1240 eat,
839 1159 979 1227 ferream
1008 1160 1160 1226 duritiem
1212 1172 1303 1227 mut:
1320 1182 1357 1227 ae
1368 1161 1397 1227 si
1408 1159 1540 1239 dinei-et,
1556 1179 1622 1225 non
1634 1160 1730 1243 primi
1741 1161 1929 1226 exstitimus
1940 1162 2191 1231 resurreetiouie

185 1251 335 1317 statuant
364 1247 452 1311 inter
479 1245 696 1323 Christianos,
724 1245 808 1312 nihil
838 1246 904 1312 tale
932 1246 1095 1330 reperient
1125 1247 1159 1310 in
1213 1255 1321 1321 testea.
1344 1245 1402 1312 sed
1424 1248 1580 1330 magister
1601 1244 1672 1329 ipae
1694 1266 1767 1313 eam
1788 1245 1914 1313 assem.

185 1333 283 1401 Pauli
311 1331 431 1398 verbis.
475 1330 572 1413 Quod
600 1331 760 1398 obiioiunt
788 1330 964 1398 dolendum
994 1351 1062 1397 non
1089 1351 1161 1398 ease
1299 1327 1369 1398 Nos
1400 1332 1457 1415 qui
1489 1333 1638 1398 mamus.
1687 1330 1762 1397 Hoo
1792 1329 1866 1397 ideo
1894 1331 2016 1398 dietum
2048 1338 2114 1414 est,
2148 1354 2191 1400 ne

186 1421 222 1486 in
245 1426 351 1485 morte
373 1423 571 1496 nostrorum,
599 1437 641 1482 ne
663 1417 734 1483 Deo
755 1416 955 1499 resistamus,
982 1417 1017 1483 id
1039 1418 1073 1482 in
1095 1437 1162 1483 om·
1211 1422 1366 1501 putarent
1387 1437 1441 1483 eos
1466 1417 1552 1483 solos
1573 1418 1819 1483 resurreetionia
1842 1417 1912 1483 lore
1933 1426 2110 1503 oompotea,
2131 1421 2189 1504 qui

186 1504 283 1573 uibus
306 1503 403 1569 rebus
424 1502 574 1569 adversis
593 1501 735 1570 valeretz
756 1501 815 1569 sed
837 1500 925 1569 uliud
940 1514 990 1568 est
1011 1502 1161 1568 fraenare
1213 1523 1317 1586 usque
1359 1502 1401 1569 ad
1445 1502 1571 1570 Christi
1610 1503 1788 1569 adventum
1829 1502 2022 1587 superstites
2061 1505 2189 1571 forent:

186 1591 332 1658 dolorem
355 1594 505 1655 nentrum
536 1596 573 1653 ut
594 1586 786 1654 subiioiatur
806 1587 895 1654 Deo:
926 1588 1015 1654 aliud
1037 1587 1161 1655 abieoto
1214 1589 1336 1655 alienos
1367 1608 1446 1655 uero
1479 1588 1519 1655 ab
1553 1608 1592 1654 ea
1625 1609 1697 1655 esse
1727 1591 1784 1672 qni
1818 1589 1909 1671 prius
1937 1598 2041 1655 morte
2071 1589 2191 1657 sublati

187 1676 334 1744 humano
366 1695 465 1741 sensu
502 1673 607 1742 instar
639 1672 784 1757 lapidum
820 1673 1044 1742 obdureaoere.
1108 1673 1162 1740 Sit
1213 1683 1331 1741 emant.
1368 1675 1421 1740 Ab
1438 1672 1515 1757 illis,
1537 1673 1650 1757 inquit,
1672 1674 1920 1741 resurreetionis
1938 1673 2018 1740 ordo
2040 1674 2190 1759 iuoipiet:

186 1783 267 1848 ergo
297 1763 426 1846 piorum
455 1759 547 1826 dolor
578 1759 798 1826 noneolatione
826 1761 959 1841 mistus,
993 1779 1075 1844 quae
1108 1780 1162 1825 eos
1215 1781 1281 1826 uon
1310 1779 1389 1845 ergo
1416 1780 1475 1825 nos
1496 1762 1566 1826 sine
1588 1759 1654 1826 illis
1674 1779 1894 1846 resurgemus.
1939 1760 2028 1827 Hine
2055 1772 2192 1844 apparet

187 1848 230 1916 ad
253 1845 445 1933 patientiam
468 1844 607 1912 erudiet.
651 1844 691 1911 Id
719 1845 838 1912 effiniet
864 1866 938 1929 apes
968 1846 1081 1912 beatae
1103 1846 1162 1911 im·
1214 1860 1347 1913 tenuem
1370 1855 1403 1912 et
1424 1847 1604 1922 obeuntem,
1627 1846 1789 1928 vanaque
1811 1847 1975 1913 erroribus
1997 1847 2191 1929 implioitam

186 1931 410 2010 mortalitatis,
433 1950 516 2015 quae
539 1932 715 2014 patientiae
736 1940 842 1996 mater
862 1939 922 1997 eat.
1214 1933 1313 1998 luisse
1342 1931 1443 1997 fidem
1464 1929 1599 1996 ultimae
1622 1932 1866 1997 resurreetionia
1888 1932 1975 2015 apud
2003 1932 2192 2015 nonnullos,

277 2017 329 2084 14.
351 2017 439 2084 Nam
452 2016 662 2084 mandimus.
693 2016 780 2083 Illud
796 2016 871 2083 fidei
888 2025 1019 2084 nostrae
1034 2016 1164 2080 axioma
1214 2037 1314 2101 quum
1345 2017 1508 2101 fingerent
1536 2026 1683 2082 mortuos
1711 2037 1749 2082 ea
1777 2018 1924 2100 privatos
1952 2039 2032 2084 esse.
2077 2018 2192 2084 Vitem

188 2105 301 2184 sumit,
326 2102 399 2170 ideo
420 2103 598 2170 exeitatum
623 2122 694 2169 ease
716 2102 885 2170 Christum
908 2124 927 2169 a
949 2103 1096 2180 mortuis,
1126 2111 1164 2166 ut
1215 2105 1302 2170 enim
1318 2114 1485 2168 aeternam
1501 2101 1541 2166 ad
1556 2122 1612 2167 eoa
1626 2101 1711 2168 solos
1726 2101 1892 2185 pertinere
1913 2104 2191 2188 imaginabantur,

187 2190 336 2258 eiusdem
354 2189 459 2255 simus
473 2188 720 2256 resurreetionis
735 2190 926 2272 partioipes:
949 2188 1038 2253 unde
1053 2189 1162 2273 infert,
1215 2209 1295 2339 dm
1310 2188 1465 2254 Christus
1486 2188 1601 2253 ultimo
1624 2186 1766 2253 adventu
1790 2189 1882 2254 vivos
1905 2189 2012 2255 adhue
2034 2190 2069 2254 in
2093 2190 2193 2258 terris

188 2297 249 2343 noa
277 2294 351 2342 oum
381 2296 419 2340 eo
449 2283 619 2341 aeternum
641 2274 797 2340 viaturos.
841 2274 934 2341 Haeo
961 2293 1059 2357 porro
1089 2272 1163 2339 doe·
1237 2272 1482 2356 eprehenderet.
1526 2273 1590 2338 His
1618 2273 1782 2339 erroribus
1809 2282 1847 2339 ut
1868 2273 2036 2340 medeatur
2057 2274 2192 2356 Paulus,

187 2363 279 2428 trina
305 2360 592 2444 (quemadmodum
623 2359 741 2444 prioris
770 2359 810 2423 ad
840 2359 1028 2427 Corinthios
1057 2359 1164 2442 eapite
1216 2361 1356 2443 priorem
1390 2359 1527 2426 mortuis
1560 2359 1708 2425 ordinem
1741 2359 1902 2443 assignat:
1933 2358 2050 2426 deinde
2070 2381 2192 2444 aequu-

190 2445 305 2529 15,13
335 2446 457 2511 dietum
479 2444 542 2531 est)
571 2445 698 2510 axelio
732 2445 892 2528 prineipio
918 2445 1047 2528 pendet,
1077 2444 1162 2528 quod
1216 2457 1305 2511 turos
1335 2444 1428 2512 donet
1455 2447 1511 2528 qni
1540 2451 1617 2511 tuno
1638 2445 1673 2510 in
1696 2445 1764 2512 vita
1786 2445 1849 2511 heo
1869 2447 2049 2512 restabunt.
2093 2445 2193 2528 Quod

188 2553 258 2600 non
280 2532 341 2598 sibi
363 2530 525 2608 Christus,
554 2529 611 2596 sed
635 2530 727 2596 nobis
750 2538 899 2596 mortuus
922 2539 971 2596 est
992 2549 1030 2596 ao
1053 2551 1163 2596 resur·
1216 2541 1326 2596 autem
1355 2532 1389 2595 in
1419 2531 1524 2613 prima
1551 2551 1692 2613 persona
1719 2530 1871 2614 loquens,
1903 2553 1938 2598 se
1967 2532 2061 2615 quasi
2086 2553 2191 2598 unum

188 2619 285 2687 rexit.
330 2616 473 2683 Proinde
495 2617 549 2698 qui
577 2617 617 2681 de
645 2617 880 2682 resurreetione
903 2616 1064 2693 dubitant,
1095 2637 1163 2681 ma·
1216 2616 1292 2683 fauit
1318 2638 1360 2682 ex
1393 2635 1504 2682 eorum
1539 2636 1686 2698 numeru,
1719 2617 1775 2698 qui
1809 2637 1911 2700 usque
1943 2615 1985 2683 ad
2018 2616 2103 2683 diem
2136 2639 2192 2684 ex·

187 2724 290 2806 gnam
318 2703 445 2770 faoiunt
474 2701 607 2768 Christo
636 2701 804 2780 iniuriam,
833 2702 900 2766 imo
928 2700 1164 2785 quodammodo
1217 2712 1356 2769 tremum
1391 2702 1508 2768 viotnri
1536 2712 1628 2766 sunt:
1662 2722 1700 2767 eo
1731 2703 1801 2768 vult
1822 2702 2128 2771 Thessalonioenaee
2154 2703 2192 2769 in

188 2810 300 2876 ipsum
329 2811 348 2854 e
377 2789 468 2853 ooelo
496 2786 689 2853 detrahunt:
744 2786 996 2852 nemadmodum
1030 2788 1071 2853 ed
1099 2786 1164 2854 Ro
1216 2788 1490 2870 exspeotationem
1515 2787 1655 2872 erigere,
1683 2787 1828 2870 adeoque
1850 2789 1920 2872 pios
1941 2810 2055 2856 omnes
2077 2798 2192 2856 tenere

190 2872 684 2959 mauosoapite10,6habetur.
767 2873 917 2938 ormire
936 2894 1006 2958 per
1024 2873 1165 2940 Chris·
1216 2895 1400 2955 suspensos,
1423 2872 1540 2938 nasibi
1560 2883 1689 2956 tempus
1711 2873 1841 2958 aliquod
1864 2876 2066 2957 promittant.
2103 2875 2191 2940 Nam

189 2972 269 3028 tum
303 2973 354 3027 est
382 2961 524 3026 retinere
564 2959 597 3023 iu
634 2968 739 3025 morte
771 2958 1032 3025 ooniunetionem
1066 2979 1164 3042 quam
1216 2971 1254 3025 ut
1287 2959 1400 3023 demus
1429 2960 1536 3042 ipsum
1570 2980 1611 3023 ex
1641 2960 1798 3041 penuliari
1830 2959 2029 3026 revelatione
2056 2960 2192 3028 seivisse

189 3047 349 3114 habemus
379 3065 453 3110 oum
477 3044 629 3112 Christo:
658 3064 735 3109 nam
764 3044 821 3126 qui
842 3044 907 3109 fide
936 3045 971 3109 in
994 3044 1163 3111 Christum
1217 3051 1389 3110 venturum
1419 3044 1586 3127 aliquanto
1615 3046 1719 3111 serina
1748 3045 1937 3112 Christum:
1965 3046 2050 3112 hano
2079 3054 2192 3113 umen

189 3133 416 3210 insanirent,
440 3140 673 3197 mortemeum
690 3149 728 3196 eo
750 3149 956 3196 oommnnem
972 3130 1104 3208 habeut,
1127 3139 1165 3196 ut
1216 3128 1370 3197 aeolesiee
1399 3149 1606 3196 communem
1637 3129 1816 3197 doetrinam
1846 3130 1933 3197 tradi
1955 3130 2118 3215 oportuit,
2153 3138 2192 3198 ut

191 3220 260 3286 sint
289 3219 377 3284 vitae
405 3217 493 3283 sooii.
544 3214 722 3297 Quaeritur
750 3224 857 3281 autem
888 3236 931 3282 un
961 3236 1027 3281 non
1056 3237 1163 3282 resur·
1216 3215 1327 3282 fideles
1356 3214 1508 3281 omnibns
1535 3214 1625 3281 horis
1648 3217 1753 3299 parati
1775 3224 1894 3282 esseut.
1939 3215 2072 3283 Interea
2092 3217 2193 3284 simul

191 3304 314 3372 reeturi
348 3304 446 3369 etium
479 3304 548 3369 aiut
578 3302 743 3369 infideles:
780 3321 859 3366 nam
892 3301 1163 3369 resurreetionem
1216 3322 1329 3368 ansam
1353 3301 1532 3367 euriositati
1555 3301 1732 3367 multorum
1755 3302 1896 3385 praeuidi
1918 3302 2076 3386 oportuit,
2104 3303 2192 3387 qnod

187 3389 312 3457 Paulus
338 3411 404 3455 uon
434 3390 553 3456 merit
572 3389 638 3454 uisi
662 3389 699 3453 in
720 3385 847 3454 Christi
873 3387 1036 3453 membris.
1079 3387 1164 3452 Res·
1216 3387 1377 3471 prolixius
1399 3385 1516 3453 deinde
1537 3387 1642 3452 laniet.
1686 3387 1863 3453 Caeterum
1886 3408 1987 3472 quum
2010 3388 2103 3468 dioit,
2130 3409 2192 3456 uos

186 3474 324 3562 pontino,
354 3473 495 3541 Paulum
523 3494 590 3541 non
612 3472 700 3540 eliud
732 3473 786 3538 hio
807 3473 969 3557 attingere
991 3473 1056 3539 nisi
1076 3473 1163 3556 quod
1215 3473 1271 3557 qui
1294 3492 1407 3538 sumus
1429 3472 1631 3556 superstites,
1657 3480 1786 3556 tempus
1817 3494 1972 3557 praesens
1994 3473 2063 3542 loeo
2087 3475 2192 3542 iuturi

186 3560 354 3646 praesenti
387 3560 539 3626 instituto
572 3557 781 3644 oongruebat.
838 3559 953 3642 Neque
986 3561 1075 3624 enim
1109 3558 1163 3626 hin
1215 3577 1305 3623 more
1327 3557 1478 3625 hebruino
1500 3569 1645 3642 usurpat.

185 3645 332 3712 mmendi
363 3653 459 3711 erant
486 3644 588 3728 impii,
622 3643 679 3711 sed
707 3643 920 3728 oorrigeudus
950 3645 1078 3728 piorum
1100 3645 1162 3709 im·
1301 3643 1352 3711 16.
1377 3644 1532 3727 Quium
1559 3645 1628 3726 ipse
1655 3643 1822 3711 Βοιιιὶιιιιι.
1866 3645 1965 3711 Ponit
1994 3664 2106 3713 vooem
2137 3667 2192 3715 tta-

187 3730 335 3799 modious
358 3728 458 3811 dolor,
486 3749 524 3796 ao
548 3728 716 3797 sanandus
741 3729 970 3797 consolationis
991 3729 1162 3808 medisina,
1214 3728 1408 3815 λέυσματοςι
1442 3752 1516 3796 mor
1551 3729 1716 3812 subiungit
1751 3750 1887 3796 vooem
1921 3731 2191 3816 arobnngeli,

186 3823 227 3884 ut
247 3817 334 3886 fauit
1215 3818 1429 3900 expositionis
1458 3816 1546 3892 vioe,
1577 3816 1766 3899 signifioane
1788 3815 1894 3899 qualis
1916 3817 2048 3883 iuturus
2069 3818 2113 3883 ait
2134 3818 2191 3887 ille

1215 3901 1417 3969 hortatorius
1440 3901 1576 3967 elamor:
1607 3921 1725 3986 nempe
1751 3900 1836 3985 quod
1858 3900 2074 3986 arohangelns
2095 3923 2191 3986 prae·

277 3987 328 4054 15.
352 3986 420 4055 Hos
440 3985 524 4052 euim
544 3984 629 4053 sota
649 3984 785 4052 dicim
806 3986 843 4052 ia
862 4005 1000 4052 serim
1020 3984 1162 4070 Domini,
1215 3989 1306 4054 nonis
1328 3988 1482 4071 iungetur
1504 3987 1625 4066 affinio,
1652 3996 1691 4052 ut
1711 3986 1790 4052 nitet
1812 3988 1905 4053 vivos
1927 3997 1959 4053 et
1981 3996 2125 4056 mortuos
2147 3990 2188 4056 ad

186 4075 274 4159 pand
294 4094 352 4141 aas
372 4073 428 4158 qui
449 4072 589 4138 umus
608 4076 637 4137 et
656 4071 839 4152 munuum
859 4071 979 4137 mmor
992 4072 1028 4137 iu
1049 4072 1163 4139 eduea-
1215 4072 1340 4139 Christi
1363 4072 1516 4139 tribunal.
1546 4070 1754 4156 Quamquam
1778 4073 1865 4139 enim
1889 4073 1950 4140 hoo
1971 4072 2098 4173 angelis
2119 4095 2189 4142 om·

188 4165 257 4227 tata
277 4159 421 4240 Domini,
451 4176 515 4223 uon
539 4156 780 4241 praemium
808 4176 858 4222 eos
884 4157 941 4239 qut
961 4156 1161 4223 mesenae.
1216 4158 1310 4224 nibus
1331 4177 1502 4224 eommune
1530 4158 1606 4238 erit,
1640 4168 1760 4241 tamen,
1790 4168 1828 4223 nt
1856 4160 1888 4224 in
1918 4158 2089 4225 ordinibus
2119 4161 2191 4226 heri

165 4256 169 4261 ’
191 4245 242 4313 16.
268 4245 424 4328 Quom
452 4245 520 4326 ipae
541 4243 702 4310 Domitiae
727 4262 798 4309 eum
825 4242 969 4324 unane,
997 4260 1067 4308 uem
1093 4261 1164 4309 νοω
1214 4243 1307 4325 solet,
1330 4242 1524 4328 primarium
1549 4264 1651 4309 nuum
1679 4243 1794 4311 statuit
1822 4244 1879 4327 qui
1908 4243 1983 4311 aliis
2011 4245 2190 4328 praeninst.

186 4330 372 4414 «manueli
400 4335 427 4396 et
453 4327 526 4395 aba
548 4328 612 4395 Dei
632 4327 789 4395 &swadet
818 4326 945 4394 eundo:
977 4347 1014 4394 uo
1038 4328 1162 4406 mortui,
1215 4329 1389 4395 Caeterum
1423 4328 1463 4395 de
1496 4328 1595 4396 tuba
1628 4329 1776 4412 relinquo
1807 4329 1881 4396 aliis
1909 4329 2062 4396 subtilius
2091 4329 2192 4398 disse

187 4417 249 4501 pai
268 4417 304 4481 iu
326 4416 450 4482 Christe
477 4420 558 4495 uest,
587 4419 748 4499 reserpere
766 4415 920 4496 privam
967 4413 1016 4480 lt.
1039 4412 1164 4480 Deinde
1214 4413 1368 4481 rendum:
1401 4433 1508 4497 neque
1537 4416 1624 4480 enim
1654 4414 1889 4495 aliud'habeo,
1921 4434 2018 4499 quam
2045 4417 2132 4499 quod
2154 4419 2190 4484 iu

186 4521 249 4570 nos
268 4502 325 4585 qai
342 4502 482 4567 nimie
503 4520 540 4567 uo
561 4500 682 4567 residui
712 4500 841 4579 erinae
874 4498 972 4564 amat
991 4517 1063 4565 uum
1080 4499 1162 4581 ipsis
1214 4501 1354 4583 priorem
1385 4499 1427 4565 ad
1456 4498 1647 4568 Corinthios
1675 4499 1818 4568 breviter
1846 4500 1953 4585 attigi.
1996 4499 2094 4568 Certe
2122 4524 2189 4571 non

185 4588 353 4672 rapimur
380 4588 416 4652 iu
435 4584 831 4739 mbCquomoeuersam
852 4584 985 4651 Dosaiai
1014 4586 1049 4650 ia
1069 4604 1163 4650 nere:
1214 4584 1302 4651 aliud
1319 4585 1382 4651 init
1404 4585 1464 4653 hoo
1486 4584 1556 4653 looo
1578 4585 1717 4670 apostoli
1738 4585 1912 4654 eonsilium
1934 4605 2030 4670 quam
2062 4589 2192 4674 magni·

188 4673 286 4740 etsie
310 4691 431 4755 smper
457 4691 528 4738 orem
708 4671 835 4737 omos.
882 4670 932 4736 18.
956 4670 1067 4754 Itaque
1093 4689 1163 4736 eoa·
1213 4672 1307 4738 fleam
1322 4680 1356 4736 et
1379 4673 1579 4738 reverentiae
1601 4672 1730 4755 plenam
1754 4671 1870 4738 iudiois
1891 4672 2032 4755 speeiem
2054 4685 2189 4758 gustam

188 4758 340 4826 edomet
358 4777 413 4824 vos
434 4761 541 4823 medua
562 4757 599 4823 itt
617 4755 812 4824 monibus
832 4757 915 4823 istis.
1213 4755 1288 4822 dum
1320 4757 1492 4856 praebere,
1524 4756 1626 4823 denso
1657 4776 1730 4822 eam
1759 4755 1855 4840 plene
1882 4775 2065 4825 osrnamus.
2117 4758 2191 4827 Hoo

186 4972 190 4981 -
240 4888 245 4907 ξ
277 4927 422 5028 {5:11oe
438 4928 523 5027 etia
542 4926 637 5028 uobis
659 4932 711 4995 ete
747 4927 885 4994 Modum
908 4947 995 4994 nunu
1017 4925 1162 4993 breviter
1213 4841 2009 5028 guffflffqffiddtwdudoeldi'ndffist
2031 4936 2189 5014 mortuos,

187 5012 354 5099 desunb1t‚
370 5034 435 5097 quo
451 5011 617 5080 exortando
631 5025 709 5080 snut
723 5012 836 5079 fideles
850 5034 891 5079 ex
907 5018 1021 5078 morte.
1049 5010 1161 5093 Quum
1213 5033 1268 5095 qui
1282 5034 1317 5078 in
1333 5012 1467 5080 Christo
1487 5023 1576 5092 suut,
1598 5013 1659 5080 hoo
1673 5024 1733 5094 eat,
1755 5034 1790 5079 ιιι
1804 5012 1930 5080 Christi
1953 5034 2088 5099 oorpore
2109 5035 2187 5081 oon·

190 5105 299 5166 autem
321 5099 362 5166 de
383 5119 419 5164 re
441 5099 586 5164 maxima
606 5110 641 5167 et
662 5097 806 5165 humano
828 5099 960 5183 ingenio
982 5096 1162 5163 inoredibili
1214 5099 1370 5175 tinentur,
1392 5099 1517 5183 priores
1538 5107 1790 5166 resurreoturoa:
1814 5109 1850 5164 ut
1872 5099 2013 5166 suanm
2034 5120 2099 5167 non
2121 5100 2191 5167 illia

189 5182 290 5253 verbe
317 5184 410 5268 lauit,
440 5194 472 5249 et
499 5184 597 5250 simul
622 5185 785 5267 promittit
806 5184 892 5267 quod
915 5194 966 5251 est
986 5203 1086 5266 snpra
1108 5182 1164 5249 ho-
1215 5185 1322 5251 minus
1354 5205 1453 5268 quam
1486 5185 1572 5252 vivis
1605 5184 1783 5269 repositam
1815 5204 1886 5251 ease
1914 5185 1948 5251 in
1978 5184 2068 5253 ooelo
2096 5206 2193 5269 spem

187 5268 315 5336 minum
345 5279 539 5354 potestatem
564 5277 599 5335 et
619 5269 806 5335 arbitrium:
837 5270 1002 5353 praefatur
1024 5267 1106 5334 nihil
1128 5290 1164 5335 se
1214 5269 1311 5335 vitae
1356 5269 1408 5338 De
1421 5271 1569 5356 reprobis
1591 5278 1685 5352 tanet,
1708 5271 1784 5355 quia
1805 5270 1889 5337 nihil
1911 5269 1974 5337 hoo
1995 5270 2037 5340 ad
2059 5271 2195 5356 piorum

1935 5387 1986 5444 11·
