4762 6016
192 358 251 428 113
1077 365 1227 434 CAPUT
1250 361 1296 431 ΙΙ.
2121 363 2185 430 114

187 559 264 624 lium
296 557 526 642 publicaretur.
569 557 649 624 Ideo
680 557 857 643 subiungit,
891 561 1030 626 fructum
1061 560 1160 625 huius
1213 559 1296 625 dunt
1313 578 1397 626 vana
1412 559 1501 643 pacis
1515 558 1682 641 opinione:
1698 559 1753 624 sed
1766 569 1846 624 tunc
1857 559 2028 642 quiescunt
2040 557 2182 636 demum,

187 646 275 726 pacis
297 665 386 711 nuno
400 644 545 710 oblatum
564 665 634 710 esse
652 654 719 711 tam
734 644 867 710 ludaeis
886 667 983 728 quam
999 645 1159 730 gentibus.
1212 665 1322 728 quum,
1356 645 1489 711 inducta
1511 645 1572 711 sibi
1603 645 1707 710 divini
1738 645 1849 709 iudicii
1881 645 2051 725 oblivione,
2085 664 2182 727 quam

188 731 282 796 Unde
300 730 457 812 seqnitur,
481 751 545 795 non
564 731 641 796 solis
657 730 796 808 Iudaeis,
819 731 875 795 sed
892 734 991 796 etiam
1007 730 1161 815 gentibus
1212 730 1399 814 longissime
1422 732 1462 794 ab
1484 751 1522 796 eo
1544 729 1709 796 recedunt.
1747 729 1858 811 Quare
1880 750 1944 794 non
1968 731 2024 795 aba
2048 750 2082 795 re
2097 729 2183 796 Pau-

187 816 358 883 Christnm
381 818 511 882 venisse
532 816 566 880 in
589 817 735 881 salutem.
780 817 864 882 Nam
887 818 1047 901 evangelii
1070 832 1161 900 prae·
1211 814 1263 881 lus
1285 817 1506 881 definitionem
1535 816 1621 881 lianc
1649 816 1855 899 evangelicae
1873 817 1964 900 pacis
1985 814 2117 895 addidit,
2148 825 2184 880 ut

187 902 315 981 dicatio,
338 921 421 986 quae
443 904 625 986 promiscue
652 904 801 984 utrisque
824 902 984 967 destinata
1005 913 1064 980 est,
1090 924 1161 969 ccr-
1212 903 1353 968 aciamus
1376 923 1440 966 non
1463 922 1535 967 csse
1560 902 1656 966 sitam
1682 903 1717 965 in
1739 911 1870 983 stupore
1893 901 2118 979 conscientiae,
2148 901 2184 966 in

187 998 259 1053 tum
291 997 343 1054 est
369 988 439 1053 eius
472 990 519 1053 rei
553 989 786 1053 testimonium.
831 987 981 1053 Eundem
1014 989 1159 1053 ordinem
1212 987 1294 1052 salsa
1316 986 1522 1064 confidentia,
1544 988 1580 1052 in
1602 987 1741 1070 superbo
1765 988 1859 1064 tastu,
1881 988 1914 1051 in
1939 987 2087 1053 miseriae
2109 1008 2183 1071 pro·

187 1083 278 1139 tenet
299 1074 333 1138 in
355 1072 640 1139 truculentos
662 1094 731 1156 cap.
754 1072 784 1150 5,
803 1073 859 1138 20:
901 1074 985 1139 Eum
1002 1075 1063 1156 qui
1086 1093 1161 1156 pso·
1212 1075 1302 1153 priae
1323 1074 1524 1156 ignorantia:
1551 1074 1607 1137 sed
1630 1075 1664 1137 in
1688 1093 1802 1137 serena
1825 1072 2072 1156 tranquillitate,
2102 1093 2186 1156 quaa

187 1167 296 1224 catum
318 1179 385 1224 non
409 1169 552 1234 noverat,
574 1180 634 1242 pro
657 1160 750 1225 nobis
772 1170 939 1241 peccatum
963 1161 1046 1225 lecit.
1091 1158 1159 1223 De·
1211 1157 1274 1223 Dei
1296 1170 1502 1240 conspectum
1525 1167 1658 1243 appetat
1686 1169 1839 1241 tanquam
1874 1159 2047 1223 amabilem
2076 1159 2184 1241 potius

186 1244 277 1311 inde:
310 1245 355 1310 Et
368 1244 518 1328 deposuit
539 1248 625 1327 apud
653 1265 713 1310 nos
735 1247 949 1310 ministerium
972 1244 1161 1312 reconcilia·
1211 1263 1307 1326 quam
1331 1244 1529 1311 reformidet.
1574 1243 1726 1310 Christus
1754 1252 1862 1309 autem
1891 1245 2024 1327 estqui
2052 1245 2183 1309 ianuam

188 1332 299 1397 tionis.
342 1330 458 1413 Itaque
480 1329 606 1396 Christi
631 1332 762 1396 nomine
790 1330 953 1415 legatione
983 1332 1160 1412 fungimur.
1212 1330 1304 1395 nobis
1325 1336 1459 1412 reserat,
1480 1332 1546 1394 imo
1565 1331 1635 1414 ipse
1657 1339 1706 1394 est
1723 1330 1831 1394 ianua.
1868 1330 1970 1395 Porro
1989 1350 2087 1412 quum
2104 1329 2184 1395 haee

187 1416 336 1482 Primum
358 1417 474 1482 salutis
489 1418 626 1482 materia
644 1417 837 1500 proponitur
854 1420 889 1481 in
904 1416 1029 1482 Christi
1045 1425 1159 1483 morte.
1212 1417 1310 1480 ianua
1332 1416 1450 1480 bilorea
1473 1415 1591 1480 habeat
1614 1415 1736 1490 valvas,
1767 1437 1804 1481 ac
1826 1415 1961 1498 proinde
1988 1426 2054 1479 tam
2078 1415 2184 1499 genti·

188 1503 308 1567 Postea
329 1502 523 1567 describitur
551 1503 675 1580 modus,
706 1523 771 1585 quo
800 1523 834 1567 se
862 1503 952 1567 nobis
980 1523 1017 1567 ac
1047 1505 1160 1567 mortis
1212 1502 1271 1566 bus
1295 1521 1390 1584 quam
1408 1501 1538 1566 ludaeis
1560 1502 1603 1566 sit
1626 1507 1757 1583 aperta:
1781 1501 1939 1583 sequitur,
1962 1500 2069 1565 Deum
2086 1502 2184 1566 utris·

187 1607 265 1654 suae
301 1586 493 1653 beneficium
532 1587 684 1653 Christus
720 1591 948 1652 communicat.
1003 1586 1069 1654 Sed
1107 1588 1160 1655 hic
1212 1608 1273 1669 que
1296 1607 1365 1651 esse
1387 1587 1569 1669 expositum
1607 1587 1647 1650 ad
1670 1587 1885 1653 exhibendam
1909 1595 2079 1669 paternam
2101 1587 2185 1653 osri-

187 1674 313 1740 Paulus
341 1675 377 1738 in
408 1675 687 1739 circumstantiam
720 1673 805 1737 hanc
834 1675 962 1757 proprie
991 1674 1159 1756 incumbit,
1212 1678 1324 1737 tatem.
1378 1672 1480 1737 Addit
1509 1675 1548 1737 in
1575 1692 1652 1736 uno
1674 1674 1847 1754 spiritu,
1879 1693 1942 1755 quo
1970 1673 2129 1739 directore
2151 1681 2185 1736 et

187 1770 222 1824 ct
254 1772 370 1843 gentes
397 1759 526 1824 Iudaeis
559 1762 734 1844 coniungat
763 1760 797 1823 in
827 1779 928 1842 regno
955 1760 1027 1824 Dei.
1072 1761 1161 1844 Ergo
1212 1758 1293 1823 duce
1316 1759 1356 1823 ad
1381 1759 1551 1824 Christum
1574 1777 1702 1841 quoque
1722 1758 1914 1837 accedimus,
1943 1767 1977 1823 et
2005 1778 2064 1840 per
2087 1779 2181 1843 quem

187 1846 280 1912 sicuti
304 1845 396 1929 prins
419 1846 566 1926 utrisque
589 1846 663 1910 lecit
685 1845 854 1927 Christum
877 1866 1092 1923 communem,
1114 1848 1161 1910 ita
1211 1844 1391 1910 clamamus
1413 1843 1516 1922 Abba,
1539 1852 1642 1924 pater.
1686 1843 1773 1908 Nam
1802 1844 1878 1908 inde
1901 1843 2073 1911 accedendi
2103 1843 2182 1909 lidu-

187 1932 286 1996 etiam
317 1952 406 1997 nunc
436 1932 470 1994 in
499 1931 671 2015 evangelio
693 1933 796 1996 socios
822 1931 906 1996 iacit.
951 1931 1160 2014 Significans,
1212 1931 1271 1996 cia.
1315 1929 1418 1996 Varia
1440 1931 1573 2015 fuerunt
1595 1930 1701 1994 media
1724 1929 1808 2012 apud
1832 1929 1981 2010 Iudaeos,
2002 1929 2119 2013 quibus
2140 1931 2181 1994 ad

187 2017 326 2082 Iudaeos
360 2036 498 2099 quoque,
530 2026 693 2099 utcunque
721 2015 826 2098 legem
861 2016 1028 2097 haberent,
1062 2019 1160 2081 simul
1213 2017 1318 2080 Deum
1357 2015 1557 2084 accederent.
1617 2015 1714 2080 Nunc
1754 2016 1883 2080 unicum
1923 2026 1973 2080 est
2012 2017 2182 2081 omnibus:

188 2123 269 2185 opus
299 2101 451 2167 habuisse
477 2102 664 2185 evangelio:
694 2111 727 2166 et
750 2100 855 2166 Deum
889 2114 1002 2185 gentes
1031 2102 1160 2185 aequali
1212 2122 1325 2185 nempe
1348 2105 1415 2184 regi
1438 2101 1561 2168 Christi
1582 2101 1709 2186 spiritu.

188 2189 293 2271 gratia
326 2187 497 2271 dignatum
530 2209 612 2252 ease.
665 2187 756 2269 Quos
788 2208 865 2270 ergo
898 2208 1001 2270 aequa
1034 2189 1161 2272 gratiae
1298 2189 1348 2252 19.
1371 2188 1457 2271 Erpo
1473 2207 1535 2252 nott
1556 2187 1694 2269 amplius
1715 2187 1798 2252 aetia.
1835 2187 1962 2251 Allndit
1980 2187 2020 2273 ad
2043 2187 2074 2251 id
2098 2187 2181 2270 quod

188 2274 436 2358 participatione
452 2274 542 2338 Deus
565 2275 649 2338 inter
671 2292 705 2337 se
728 2274 907 2354 coniunxit,
929 2273 1027 2337 homo
1046 2296 1087 2338 ne
1109 2295 1160 2339 se·
1212 2273 1349 2352 dixerat,
1378 2273 1541 2358 quondam
1565 2274 1664 2337 luisse
1686 2272 1844 2355 Ephesios
1871 2272 2008 2336 foedaris
2029 2272 2181 2356 hospites.

188 2368 288 2443 paret.
333 2359 439 2425 Voces
473 2359 612 2441 procul
634 2367 673 2424 et
695 2379 824 2442 prope
854 2380 919 2423 uon
942 2360 983 2424 ad
1013 2359 1071 2425 looi
1095 2360 1160 2424 dis·
1211 2359 1296 2423 Nam
1320 2381 1374 2425 eos
1397 2380 1485 2424 nuno
1508 2360 1593 2423 solos
1615 2359 1802 2441 alloquitur,
1831 2358 1965 2441 perinde
1987 2379 2024 2423 ac
2046 2359 2074 2422 si
2097 2359 2182 2422 dice-

189 2446 324 2509 tantiam
358 2445 561 2523 referuntur,
598 2444 655 2510 sed
688 2444 825 2510 ludaeos
859 2443 930 2509 Deo
964 2446 1161 2528 propinquos
1212 2455 1276 2509 ret:
1300 2455 1425 2510 mutata
1448 2457 1497 2508 est
1520 2454 1628 2510 vestra
1649 2443 1799 2509 conditio.
1844 2442 1937 2509 Deus
1959 2447 2046 2508 enim
2069 2464 2111 2508 ex
2132 2447 2181 2508 in·

189 2529 266 2595 iacit
287 2531 412 2595 ratione
435 2530 589 2595 foederis:
616 2538 732 2613 gentes
755 2550 832 2594 varo
856 2541 1006 2609 remotas,
1036 2551 1160 2612 quaes
1212 2531 1347 2612 quilinio
1382 2551 1439 2596 vos
1471 2531 1548 2595 iecit
1577 2529 1729 2596 ecclesiae
1761 2550 1839 2594 suae
1872 2529 1970 2595 cives.
2015 2528 2181 2595 Honorem

191 2636 290 2699 regno
321 2616 385 2681 Dei
418 2615 622 2694 exsulabant,
655 2616 809 2697 quamdiu
844 2616 967 2680 nullam
997 2616 1160 2681 habebant
1213 2638 1291 2681 vero
1314 2618 1422 2694 istum,
1448 2637 1511 2698 quo
1534 2616 1687 2698 dignatus
1711 2615 1868 2680 eosDeus
1890 2615 2006 2695 fuerat,
2035 2614 2182 2697 pluribus

189 2701 304 2767 salutis
324 2703 582 2784 promissionem.
1213 2703 1319 2767 verbis
1347 2703 1484 2767 extollit.
1531 2701 1653 2766 Cives
1683 2711 1914 2766 sanctorum
1946 2701 2105 2784 appellat:
2135 2721 2182 2765 se·

273 2787 325 2853 17.
350 2786 588 2870 Evangeliaova't
604 2807 723 2869 pacem.
764 2786 838 2851 Non
861 2789 931 2868 ipse
953 2787 1080 2869 quidem
1105 2809 1159 2852 ore
1212 2787 1317 2852 cundo
1345 2789 1406 2852 Dei
1438 2788 1644 2852 domesticos:
1675 2797 1838 2870 postremo
1866 2786 1989 2870 lapides
2018 2797 2182 2870 coaptatos
2208 2847 2213 2858 ,

188 2875 329 2956 proprio,
346 2874 403 2939 sed
423 2894 482 2954 per
508 2875 678 2956 apostolos.
713 2873 867 2955 Oportuit
886 2874 970 2937 enim
988 2874 1157 2939 Christum
1211 2873 1463 2938 instructuram
1488 2872 1688 2956 templiDei.
1732 2872 1844 2937 Prima
1864 2872 2035 2956 appellatio
2053 2884 2183 2957 sumpta

188 2979 207 3023 a
226 2960 367 3024 mortuis
388 2979 569 3042 resurgere,
591 2969 763 3039 antequam
787 2969 902 3042 gentes
923 2959 956 3022 in
981 2960 1158 3023 communi·
1211 2967 1261 3023 est
1283 2981 1302 3024 a
1323 2959 1545 3035 similitudine,
1574 2979 1657 3041 quae
1683 2970 1749 3023 tam
1773 2960 1959 3041 frequenter
1977 2961 2119 3025 cucurrit
2146 2961 2182 3023 in

187 3044 347 3111 cntionem
363 3045 489 3127 gratiae
505 3056 644 3110 vocaret.
677 3043 1158 3132 Undeillud(hiatth.15,24):
1210 3047 1392 3127 seripturis,
1415 3046 1469 3110 ubi
1492 3045 1625 3111 ecclesia
1646 3045 1772 3111 civitati
1798 3054 2015 3126 comparatur.
2059 3045 2183 3130 Magna

187 3130 259 3195 Nou
283 3151 356 3197 sum
379 3133 498 3196 missus
519 3132 582 3195 nisi
605 3130 645 3194 ad
668 3151 745 3196 oves
763 3151 845 3212 quae
867 3130 1160 3212 perierantdomus
1211 3131 1367 3214 dignatio,
1396 3132 1451 3214 qui
1473 3132 1600 3215 profani
1623 3140 1699 3195 ante
1730 3142 1762 3196 et
1794 3130 1883 3195 omni
1905 3130 2033 3212 piorum
2055 3150 2183 3196 consor·

187 3216 300 3282 Israel.
346 3216 436 3298 Quin
464 3217 562 3281 etiam
586 3216 739 3298 apostolis
762 3216 920 3298 prohibet,
952 3217 1028 3280 dum
1052 3217 1159 3284 adbuc
1212 3218 1256 3280 tic
1279 3217 1406 3301 indigni
1429 3225 1531 3292 erant,
1555 3237 1643 3281 nune
1664 3217 1714 3282 ius
1732 3217 1853 3281 habere
1875 3217 2019 3282 eiusdem
2042 3217 2182 3282 civitatis

187 3312 236 3367 est
258 3303 293 3367 in
315 3301 448 3379 mundo,
471 3323 513 3367 ne
533 3304 672 3384 primam
695 3321 788 3366 suam
806 3302 1002 3386 legationem
1024 3302 1063 3368 ad
1083 3325 1158 3386 gen·
1211 3323 1286 3368 cum
1306 3303 1483 3381 Abraham,
1505 3306 1626 3369 sanctia
1647 3299 1798 3368 omnibus
1820 3302 2022 3386 patriarchis,
2046 3302 2182 3384 prophe·

188 3387 733 3474 tesperlerantfflatth.10,5).
785 3388 875 3452 Ero
906 3408 965 3470 per
997 3390 1159 3472 apostolos
1212 3390 1254 3451 tis
1276 3400 1309 3453 et
1331 3390 1470 3471 regibus,
1493 3389 1560 3452 imo
1578 3408 1653 3453 cnm
1673 3391 1750 3472 ipsis
1766 3389 1900 3473 angelis.
1939 3388 2055 3453 Altera
2070 3397 2181 3453 tamen

187 3492 275 3549 auca,
296 3484 453 3557 tanquam
477 3494 534 3555 per
557 3471 660 3552 tubas,
686 3473 826 3557 evangel,
860 3493 891 3537 m
914 3474 1067 3558 gentibus
1089 3496 1160 3557 pro-
1211 3495 1274 3538 non
1299 3476 1413 3556 minor,
1437 3475 1523 3558 quod
1547 3476 1637 3539 Deus
1660 3476 1695 3539 in
1718 3476 1874 3540 familiam
1898 3496 1991 3540 suam
2013 3495 2068 3539 eos
2090 3496 2183 3558 coop-

187 3559 359 3642 mulgavit.
404 3560 515 3641 ltaque
525 3559 549 3644 ¹)
566 3561 649 3642 qaod
669 3580 730 3624 con
753 3561 822 3624 eius
842 3563 962 3625 mutum
978 3563 1101 3626 comte
1123 3581 1160 3626 oc
1211 3561 1303 3624 tavit.
1348 3561 1494 3625 Ecclesia
1516 3562 1603 3625 enim
1627 3560 1741 3625 domus
1765 3560 1836 3626 Dei.

186 3646 333 3711 madoco
361 3645 480 3728 factum
512 3650 557 3709 est
584 3665 606 3709 c
626 3646 802 3727 dissipatio,
828 3646 883 3712 aed
912 3647 1005 3728 quoad
1032 3647 1068 3710 io
1093 3649 1160 3712 eiua
1295 3644 1347 3712 20.
1383 3645 1650 3727 Superaedifiocli.
1699 3647 1809 3711 Tertia
1846 3647 1999 3728 dignatio,
2043 3647 2078 3710 in
2118 3666 2182 3729 qua

180 3750 328 3812 wacca,
351 3731 467 3796 merito
485 3732 514 3795 ei
532 3731 592 3797 soli
610 3732 773 3797 tribuitur.
812 3732 868 3797 Sic
883 3734 970 3796 enim
987 3731 1158 3813 loquimur,
1210 3731 1308 3796 etiam
1330 3733 1525 3814 exprimitur
1546 3733 1685 3815 qualiter
1711 3744 1745 3797 et
1766 3733 1932 3797 domestici
1956 3734 2018 3797 Dei
2040 3745 2072 3796 et
2094 3732 2182 3798 cives

189 3829 341 3901 tanquam
363 3819 433 3901 ipso
456 3816 589 3883 Christo
613 3837 670 3900 per
700 3839 757 3883 nos
780 3818 990 3882 exhortante:
1021 3827 1053 3882 et
1080 3837 1159 3883 saue
1210 3824 1398 3883 sanctorum
1415 3819 1490 3883 laeti
1508 3819 1574 3883 sint
1593 3817 1736 3901 Ephesii,
1759 3820 1903 3901 fiantque
1921 3818 2037 3901 reliqui
2052 3838 2182 3883 omnes:

189 3921 343 3986 perquam
377 3903 507 3967 infirma
529 3914 615 3968 asset
642 3905 801 3987 evangelii
824 3902 915 3984 fides,
943 3904 971 3967 si
998 3904 1032 3967 in
1055 3904 1160 3968 homi·
1211 3923 1328 3985 nempe
1356 3905 1384 3967 ai
1408 3903 1532 3968 fundati
1555 3904 1620 3968 sint
1646 3904 1680 3968 in
1704 3903 1921 3986 apostolorum
1952 3913 1986 3969 et
2008 3904 2181 3987 propheta·

189 4007 245 4054 nes
267 3998 397 4053 tuntum
420 3989 666 4072 respiceremus.
710 3988 776 4054 Sed
803 3988 878 4054 inde
901 3999 968 4053 tota
990 3990 1159 4069 autoritas,
1210 4010 1283 4052 rum
1307 3989 1461 4054 doctrina.
1499 3989 1594 4054 Unde
1618 3989 1716 4055 ctiam
1740 3990 1779 4054 de
1802 4008 1881 4055 vera
1903 3999 1960 4055 ant
1982 3990 2061 4054 laisa
2084 3990 2182 4056 cccle-

190 4074 273 4155 qucd
289 4073 439 4139 homines
453 4075 657 4158 agnoscimus
674 4095 743 4139 esse
759 4074 822 4139 Dei
841 4094 972 4157 organa,
996 4084 1030 4140 et
1045 4074 1158 4140 Chris·
1209 4076 1258 4139 sie
1275 4074 1431 4140 iudicium
1450 4074 1555 4140 lacera
1574 4075 1662 4140 licet:
1681 4077 1765 4158 quod
1783 4076 1816 4139 in
1834 4077 1947 4158 primis
1962 4078 2180 4141 necessarium

190 4167 258 4224 tum
282 4179 342 4243 per
363 4181 399 4225 os
425 4179 538 4226 eorum
561 4160 654 4225 nobis
680 4159 865 4243 loquentem
888 4160 1047 4225 audimus.
1091 4159 1158 4226 Ob·
1210 4169 1268 4224 eat.
1314 4160 1398 4225 Nam
1422 4181 1520 4242 quum
1552 4160 1643 4225 nulla
1669 4164 1712 4226 sit
1733 4162 1839 4244 magis
1867 4162 2046 4245 periculose
2074 4161 2181 4227 hallu·

190 4264 281 4310 serva
312 4246 422 4322 etiam,
450 4244 657 4329 evangelium
688 4267 758 4310 ease
788 4247 876 4328 pacis
903 4247 1065 4326 nuntium,
1095 4266 1158 4328 quo
1210 4246 1341 4324 aientia,
1374 4245 1487 4328 lapsus
1520 4256 1631 4311 tamen
1663 4256 1713 4312 est
1747 4247 1841 4312 valde
1874 4247 2035 4331 proclivis.
2090 4247 2181 4312 Nulli

190 4329 281 4397 Dens
297 4352 333 4398 se
349 4331 442 4397 uobis
460 4332 634 4414 propitium
651 4340 790 4397 testatur
812 4343 1041 4415 paternamque
1066 4353 1158 4397 suam
1210 4332 1277 4395 lere
1300 4332 1454 4398 audacius
1475 4332 1629 4397 ecclesiae
1651 4333 1783 4398 nomine
1806 4353 1840 4397 se
1855 4333 1987 4411 iactant,
2012 4354 2109 4416 quam
2125 4335 2181 4418 qui

190 4417 393 4483 dilectionem
418 4418 510 4482 nobis
532 4417 645 4482 defert.
690 4417 800 4499 Quare
829 4418 956 4483 sublato
989 4417 1159 4500 cvangelio
1211 4418 1340 4481 inanem
1363 4419 1433 4482 eius
1456 4419 1585 4482 titulum
1609 4421 1828 4484 mentiuntur:
1851 4417 1936 4501 quod
1960 4418 2053 4485 hodie
2071 4421 2181 4486 videre

191 4502 308 4568 bellum
324 4516 357 4566 et
372 4503 561 4567 inimicitiae
576 4504 662 4567 inter
676 4502 787 4568 Deum
803 4513 836 4569 ct
851 4503 1001 4567 homines
1016 4514 1159 4568 manent.
1211 4514 1269 4568 est.
1310 4502 1412 4586 Atqui
1434 4524 1476 4568 ne
1498 4524 1656 4584 erremus,
1677 4504 1730 4569 hic
1749 4505 1840 4570 nobis
1862 4527 1882 4569 a
1897 4504 1996 4571 Paulo
2019 4506 2182 4571 indicatur

190 4586 293 4654 Sicuti
322 4609 452 4653 rursum
483 4589 537 4655 hio
565 4589 714 4671 proprius
743 4599 792 4654 est
820 4588 982 4673 evangelii
1014 4589 1159 4666 effectus,
1212 4608 1308 4653 verae
1341 4589 1495 4654 ecclesiae
1524 4598 1612 4655 nota.
1657 4591 1746 4670 Quin
1781 4590 2094 4657 fundamentum
2128 4591 2183 4655 hio

189 4675 360 4756 pacificare
382 4675 599 4741 conscientias
620 4686 654 4739 et
676 4675 870 4757 tranquillas
893 4675 1045 4740 reddere:
1078 4695 1159 4758 quaa
1211 4695 1269 4757 pro
1291 4674 1436 4740 doctrina
1459 4687 1617 4756 sumatur,
1646 4677 1782 4741 minime
1805 4677 1937 4742 dubium
1961 4688 2020 4744 est.
2066 4678 2181 4760 Neque

190 4759 309 4843 alioqui
332 4761 452 4826 misera
472 4761 694 4844 inquietudine
716 4762 860 4843 torqueri
883 4780 1014 4826 necesse
1036 4770 1094 4826 cat.
1211 4760 1298 4826 enim
1322 4760 1524 4844 patriarchas
1554 4763 1709 4839 nominat,
1736 4771 1793 4826 aut
1816 4763 1885 4846 pios
1907 4783 2017 4846 reges:
2047 4764 2103 4831 sed
2127 4785 2182 4829 eos

276 4846 326 4911 18.
353 4847 506 4928 Quonim
518 4867 580 4927 per
601 4848 707 4928 ipsum
724 4847 812 4913 ambo
833 4866 986 4912 accessum
1001 4845 1159 4912 hohenoe
1212 4845 1297 4911 solos
1318 4847 1372 4928 qui
1395 4846 1537 4912 cilicium
1564 4847 1727 4914 habebant
1749 4848 1894 4927 docendi,
1924 4861 1957 4914 et
1980 4871 2058 4933 quos
2080 4850 2180 4915 eccle·

192 4929 346 4998 Probatio
374 4944 425 4998 est
445 4933 486 4998 ab
511 4933 628 4998 effectu
659 4943 693 4997 et
720 4933 817 4997 simul
852 4933 940 5016 pacis
969 4931 1160 4998 declaratio:
1211 4931 1278 4996 siae
1311 4951 1389 4995 suae
1425 4933 1641 4998 aedificationi
1674 4933 1765 4999 Deus
1802 4937 2011 5018 praefecerat.
2066 4937 2182 5018 Itaque

193 5019 268 5100 quia
293 5029 386 5101 patet
414 5019 507 5084 uobis
536 5020 577 5082 ad
601 5017 710 5083 Deum
740 5039 898 5085 accessus.
943 5019 1029 5083 Nam
1058 5019 1159 5100 impii,
1212 5018 1304 5082 docet
1325 5016 1459 5102 Paulus,
1488 5017 1586 5084 fidem
1615 5021 1768 5086 eeclesiae
1796 5022 1831 5085 in
1861 5022 1922 5088 hac
1951 5022 2099 5088 doctrina
2126 5023 2181 5088 de·

193 5102 267 5169 dum
294 5103 398 5169 altum
427 5123 578 5170 somnum
608 5105 785 5188 dormiunt,
816 5126 851 5171 se
872 5105 1039 5171 interdum
1069 5104 1159 5169 delu·
1211 5101 1287 5167 bere
1309 5123 1380 5169 esse
1402 5105 1579 5170 fundatam.
1625 5104 1714 5186 Quid
1743 5126 1822 5190 crgo
1844 5105 1884 5173 dc
1910 5109 1949 5172 iis
1975 5110 2180 5176 sentiendum

1212 5190 1267 5271 qui
1300 5189 1378 5254 solis
1406 5189 1574 5256 hominum
1604 5193 1769 5275 figmentis
1803 5194 1963 5275 nituntur,
1996 5205 2028 5261 et
2057 5197 2182 5262 interea

276 5295 299 5362 ¹)
317 5292 404 5362 Qum
422 5291 493 5363 quod
509 5291 626 5363 apostoli
643 5290 774 5347 fecerunt.
1179 5311 1181 5315 <
1213 5295 1273 5340 nos
1296 5274 1482 5343 deiectionis
1501 5286 1664 5361 accusant,
1686 5277 1764 5360 quia
1785 5298 1901 5361 puram
1917 5278 1980 5346 Dei
2003 5281 2181 5349 doctrinam
