4740 6016
161 385 225 450 429
1051 381 1203 450 caPUu
1225 381 1289 449 111.
2103 387 2168 452 430

162 584 251 649 tione
280 601 364 666 quae
386 582 425 646 fit
445 600 504 664 per
526 579 744 665 evangelium,
774 578 849 644 dum
872 598 908 644 se
930 576 1141 662 peculiariter
1193 578 1286 644 nulla
1306 578 1342 643 in
1372 576 1467 644 nohis
1497 578 1621 644 ιιιιιιι
1642 578 1787 644 iustitiae
1814 598 1922 664 opera.
1966 576 2060 659 Quae
2082 581 2167 647 ratio

161 667 273 735 eleetis
302 668 399 733 offert
427 685 465 732 ao
496 666 659 750 patelaoit.
702 663 817 748 Neque
839 664 928 730 enim
951 664 1060 746 priore
1082 662 1140 729 illo
1193 685 1260 731 non
1290 664 1423 745 valeret,
1452 663 1516 730 nisi
1546 673 1690 730 sumeret
1716 664 1796 730 illud
1817 684 1875 748 pro
1896 664 2052 749 confesso,
2081 665 2166 733 iniu-

162 755 294 821 Christo
308 752 454 819 adventu
469 762 642 819 renovatus
664 748 728 816 luit
742 749 881 817 Paulus:
903 749 970 815 imo
985 748 1139 816 Christus
1192 760 1279 816 stum
1314 769 1384 816 esse
1417 749 1576 833 quidquid
1608 759 1686 815 ante
1716 749 1814 816 fidem
1843 749 2006 818 molimur.
2056 751 2167 837 Inepti

161 847 388 907 resurrexerat
427 840 461 902 in
494 837 647 923 gloriam,
680 837 771 902 salus
803 836 839 903 in
871 836 1004 902 nomine
1036 835 1139 918 ipsius
1192 857 1272 902 vero
1286 845 1365 903 sunt
1381 839 1435 920 qui
1450 857 1490 902 ex
1507 838 1683 920 praeterito
1698 836 1789 903 verbi
1806 844 1952 920 tempore
1969 835 2168 904 eavillantur
2202 876 2207 887 ·

160 926 313 1009 plurimis
344 946 411 990 non
443 925 476 988 in
506 922 631 989 Iudaea
663 929 801 1000 tantum,
834 921 891 986 sed
925 943 985 1006 per
1012 922 1139 988 vioinas
1191 922 1303 988 futura
1320 921 1491 988 hominum
1521 922 1637 988 merita
1665 922 1779 989 aDeo
1807 922 1933 1006 reapioi,
1955 942 2055 1004 quum
2078 923 2167 1007 ipsos

161 1013 312 1096 regiones
330 1010 508 1085 affulserat,
531 1029 631 1092 quum
642 1006 779 1092 Paulus,
800 1006 992 1072 infidelitate
1014 1025 1139 1087 oaeous,
1193 1017 1295 1074 rorat.
1334 1007 1469 1089 Paulus,
1488 1007 1649 1091 inquiunt,
1668 1009 1747 1074 dum
1762 1009 1930 1091 provooari
1944 1007 2053 1074 Deum
2068 1017 2168 1095 negat

161 1097 302 1181 gratiam
332 1097 418 1162 hano
442 1093 547 1161 modis
570 1093 722 1160 omuibus
743 1091 1019 1177 exstinguendam
1043 1111 1138 1158 eura-
1191 1095 1313 1160 nostris
1328 1093 1461 1173 meritis,
1484 1114 1547 1176 quo
1561 1115 1620 1160 ιιι
1638 1095 1745 1178 gratia
1766 1115 1826 1160 noe
1848 1093 2011 1180 dignetur,
2033 1094 2166 1160 restrin-

161 1184 228 1248 bat.
272 1182 363 1268 Ergo
396 1191 475 1248 tune
503 1178 564 1246 sibi
595 1189 629 1245 et
659 1179 734 1246 eliis
763 1179 954 1262 apparuisse
976 1178 1040 1244 Dei
1061 1197 1137 1262 gra·
1190 1181 1240 1263 git
1255 1181 1317 1245 hoo
1332 1180 1372 1244 ιι
1392 1188 1522 1263 tempus
1537 1182 1760 1264 praeteritum.
1794 1181 1886 1264 Ergo
1907 1180 1935 1246 si
1959 1179 2167 1264 praecedenti

161 1270 243 1334 tiam
275 1267 447 1350 intelligit,
481 1265 557 1331 dum
591 1264 767 1331 illuminati
799 1274 877 1330 sunt
908 1265 943 1329 in
976 1264 1139 1348 evangelii
1192 1276 1321 1331 tantum
1354 1265 1500 1332 iustitiae
1533 1286 1599 1332 non
1628 1274 1678 1332 est
1707 1266 1806 1347 loons,
1839 1268 1952 1331 futura
1980 1265 2103 1331 iustitia
2130 1266 2166 1332 in

162 1353 323 1420 notitiem.
369 1353 435 1418 Neu
454 1372 525 1418 uero
546 1351 639 1418 aliter
661 1350 832 1433 quadraret
853 1348 1039 1432 applicatio:
1061 1351 1139 1432 quia
1190 1352 1352 1417 rationem
1385 1351 1485 1419 venit.
1530 1351 1634 1435 Atqui
1656 1352 1854 1435 prinoipium
1882 1359 2055 1436 usurpant,
2081 1351 2167 1435 quod

160 1460 222 1507 ιιι
250 1440 462 1522 indifferenter
490 1437 528 1503 de
548 1457 626 1504 auae
646 1437 760 1504 aetatis
780 1436 956 1502 bominibus
977 1437 1051 1520 agit,
1083 1437 1140 1503 aed
1191 1436 1315 1503 Paulus
1344 1436 1463 1521 ubique
1492 1437 1606 1514 reiioit,
1639 1457 1737 1521 quum
1767 1437 1944 1522 gratuitam
1973 1436 2167 1503 eleotionem

155 1527 288 1608 proprie
308 1523 467 1607 compellat
494 1543 553 1603 eoa,
581 1524 638 1605 qui
665 1523 818 1607 regregati
846 1526 935 1589 eraut
959 1541 998 1586 ea
1019 1521 1139 1604 reliquo
1190 1523 1307 1588 statuit
1328 1523 1489 1589 bonorum
1509 1543 1645 1606 opernm
1667 1522 1928 1590 fundamentum.
1969 1522 2007 1590 si
2029 1543 2072 1588 ex
2094 1523 2166 1590 sole

159 1629 304 1678 numero:
332 1631 368 1677 ao
387 1610 419 1674 ei
439 1608 579 1692 dixisset,
608 1608 684 1674 oiim
702 1609 805 1690 fuisse
825 1607 946 1673 airaitm
966 1607 1139 1675 inereduiie
1190 1608 1256 1674 Dei
1287 1610 1395 1693 gratia
1426 1607 1487 1675 hoo
1520 1608 1693 1693 habemns,
1726 1614 1765 1675 ut
1796 1609 1838 1675 ad
1872 1609 1954 1675 bene
1986 1607 2166 1676 vivendum

160 1697 216 1780 gui
241 1695 344 1762 adime
370 1696 403 1760 iu
426 1694 557 1761 terebris
577 1693 709 1759 demersi
730 1699 818 1760 suut:
847 1712 929 1759 uuae
950 1697 1055 1759 ιιιιιι
1075 1713 1138 1759 ιιι
1189 1695 1293 1761 simus
1308 1694 1432 1761 idonei:
1455 1714 1537 1779 quae
1559 1696 1670 1761 lutura
1692 1704 1806 1761 nostra
1827 1695 1947 1760 merita
1967 1694 2089 1771 intueri
2154 1732 2166 1746 -

154 1783 287 1865 proprio
303 1781 423 1864 merito,
444 1781 499 1847 aed
513 1778 579 1846 Dei
595 1781 704 1863 pratia
725 1778 766 1845 ab
785 1779 854 1846 ritis
874 1779 1010 1861 differre,
1033 1798 1136 1860 guerra
1189 1781 1268 1847 terit
1289 1778 1404 1847 Dens?
1449 1778 1487 1846 Si
1517 1790 1592 1846 ante
1614 1779 1679 1847 Dei
1703 1782 1906 1847 voeationem
1929 1781 1995 1846 tale
2014 1779 2050 1845 in
2072 1716 2166 1847 nohis

160 1867 330 1934 admodum
350 1866 394 1932 ad
414 1871 444 1931 1.
461 1864 598 1932 (terimi.
622 1869 653 1943 4,
678 1865 826 1932 7mdem
846 1865 969 1932 ratione
989 1885 1139 1950 urropau·
1189 1885 1329 1951 regnum
1358 1874 1495 1951 oooupat
1523 1866 1691 1950 iniquitas,
1724 1875 1762 1932 ιι
1783 1866 1911 1933 nullum
1934 1865 2166 1950 progrediendi

158 1953 238 2019 tiam
264 1972 383 2018 omrem
404 1953 511 2018 earnis
530 1952 679 2018 retundit.
726 1952 806 2035 Quis
826 1954 908 2018 euim
929 1956 957 2015 te
977 1951 1137 2035 dieremit,
1189 1952 1288 2018 finem
1311 1953 1436 2018 lactura
1457 1952 1501 2018 sit
1523 1951 1626 2019 donee
1646 1953 1777 2019 eulmen
1799 1973 1894 2019 auum
1918 1951 2067 2035 impleat:
2101 1972 2166 2035 qno

159 2038 207 2104 uei
226 2038 330 2104 reddit
349 2036 426 2104 aliis
441 2037 727 2121 praestantiorem?
1189 2036 1319 2104 futurae
1340 2037 1484 2104 iustitiae
1506 2046 1638 2104 nostrae
1660 2046 1809 2121 respeotu
1832 2037 1918 2104 allioi
1933 2037 2025 2103 Dens
2046 2039 2167 2122 poterit

243 2123 384 2224 diruitur
410 2128 440 2190 et
466 2143 564 2190 amor.
607 2123 795 2189 Bonitatem
825 2123 932 2224 priore
957 2121 1028 2188 looo
1050 2131 1138 2190 reete
1189 2124 1229 2188 ad
1266 2142 1328 2189 noa
1364 2123 1569 2226 rooendost
1592 2124 1756 2192 iaoessant
1786 2123 1893 2224 igitur
1929 2123 2010 2189 tales
2046 2144 2165 2225 nugae.

159 2208 816 2380 {illustraturus
832 2207 1137 2361 litlet‘eittt
1188 2207 1633 2362 ititthlhtltt
1655 2219 2167 2362 lhttttffitthtt‘tll

159 2391 261 2463 amat,
291 2382 368 2464 quia
393 2382 571 2447 bonusest
593 2381 841 2447 etmiserioors.
886 2378 1063 2451 anterum
1085 2392 1136 2444 nt·
1188 2380 1303 2447 valent
1324 2381 1394 2449 eius
1417 2382 1527 2463 verba,
1550 2402 1587 2448 ao
1608 2383 1638 2448 ιι
1652 2380 1797 2460 dixisset,
1822 2379 1860 2447 Si
1881 2380 1988 2446 nllom
2011 2383 2163 2447 meritum

159 2487 287 2551 ounque
325 2487 418 2534 suam
456 2465 607 2533 omnibus
643 2466 821 2532 bonitatem
859 2476 892 2532 et
929 2466 1136 2532 dileetionem
1187 2467 1356 2548 iaotamns,
1386 2467 1495 2551 qualia
1523 2468 1657 2534 fuerunt
1679 2476 1792 2534 nostra
1813 2464 1935 2550 opera?
1980 2464 2058 2532 Stat
2079 2467 2163 2533 enirn

159 2561 307 2631 testetur,
329 2574 395 2618 non
416 2562 528 2618 tamen
551 2574 623 2620 eam
645 2553 852 2638 agnosoimue
875 2552 938 2617 nisi
963 2550 1033 2628 tide,
1058 2551 1135 2617 dum
1187 2553 1318 2619 axioma
1353 2553 1449 2634 illud,
1486 2574 1553 2618 non
1590 2553 1740 2620 meliores
1777 2553 1848 2618 fore
1884 2552 2036 2618 homines
2067 2572 2163 2637 quarn

159 2659 194 2706 ae
223 2640 259 2703 in
280 2639 415 2705 christo
444 2648 572 2723 patrem
595 2637 749 2706 deelarat.
792 2637 979 2704 Fruebatur
1001 2637 1135 2721 Paulus,
1187 2639 1318 2719 fuerint,
1348 2639 1413 2704 nisi
1441 2659 1497 2705 eoa
1518 2637 1682 2704 Dominus
1706 2659 1766 2704 ιιι
1787 2639 1956 2705 vooatione
1978 2639 2164 2723 oorrigeret.

159 2728 337 2808 antequam
352 2734 488 2790 voeatus
506 2731 592 2791 esset
614 2724 657 2789 ad
678 2723 776 2790 fidem
793 2722 929 2801 Ohristi,
952 2723 1135 2788 innumeris
1274 2722 1386 2792 ιαιιιι
1406 2744 1463 2792 noe
1482 2725 1564 2807 serit.
1610 2725 1661 2791 De
1683 2724 1747 2791 fide
1769 2724 1931 2807 loquitur:
1961 2733 1995 2791 et
2016 2745 2076 2790 noe
2096 2725 2164 2790 iam

158 2809 223 2875 Dei
253 2810 356 2889 bonis,
390 2830 475 2893 quae
502 2820 658 2893 paternae
687 2810 750 2876 Dei
780 2810 973 2877 elementiae
1001 2818 1134 2894 gustum
1186 2810 1328 2876 salutem
1351 2810 1486 2894 adeptae
1507 2829 1578 2876 esse
1599 2810 1700 2877 dooet.
1738 2810 1829 2895 Ergo
1843 2819 2010 2894 uteunque
2032 2815 2164 2894 peooato

157 2895 208 2962 illi
226 2895 304 2961 dare
321 2904 490 2980 poterant:
514 2896 661 2961 eruditus
682 2896 788 2961 fuerat
811 2916 830 2960 a
850 2915 951 2979 puero
973 2915 1031 2978 per
1052 2895 1083 2960 le
1108 2895 1135 2961 ἰ
1186 2896 1336 2980 impliciti
1355 2917 1474 2980 oorpus
1503 2897 1619 2963 mortis
1644 2895 1922 2974 oirenmferamus,
1950 2896 2031 2961 uerti
2052 2905 2163 2962 tamen

158 2980 352 3047 doetrinam.
389 2981 490 3046 Errat
512 2990 622 3047 tamen
644 2982 679 3046 in
701 2980 846 3047 tenebris
868 3002 909 3047 ne
931 2981 1051 3046 ιιιιιιι
1104 2981 1132 3046 ι’
1187 2981 1228 3049 ιι
1247 2981 1354 3048 salute
1376 2992 1490 3048 nostra
1518 3003 1642 3067 sumus,
1671 2983 1700 3048 ιι
1721 2982 1817 3048 modo
1847 2982 1912 3048 fide
1939 2982 2032 3047 insiti
2061 2981 2164 3048 simus

158 3067 347 3148 bonitatem,
362 3065 465 3132 doneo
479 3068 614 3150 spiritus
628 3072 769 3133 mentem
784 3067 855 3133 eius
869 3067 1021 3148 illustret,
1037 3076 1134 3149 atque
1186 3069 1221 3133 in
1252 3067 1438 3135 Christum:
1468 3067 1647 3134 seeundum
1676 3067 1758 3134 illud
1786 3067 1917 3219 slohun.
1940 3067 1971 3146 5,
1996 3066 2063 3154 24),
2096 3067 2163 3149 Qui

157 3152 357 3219 interveniat
379 3150 533 3219 Obristus
562 3152 655 3219 testis
683 3173 721 3221 ao
749 3173 886 3237 sponsor
914 3153 1040 3236 gratiae
1070 3151 1135 3217 Dei
1186 3152 1291 3221 eredit
1312 3156 1348 3218 in
1370 3154 1474 3220 filium
1497 3153 1572 3239 Dei,
1604 3153 1757 3220 transivit
1808 3176 1826 3220 ι
1856 3161 1959 3220 morte
1985 3154 2020 3219 in
2049 3154 2162 3220 vitam.

156 3239 275 3390 w
299 3258 320 3303 a
341 3259 415 3323 qua,
445 3240 516 3305 sine
544 3239 625 3322 ipso,
653 3260 768 3306 sumus
793 3261 906 3305 omnes
928 3238 1036 3304 alieni.
1081 3237 1134 3303 lta
1186 3238 1290 3306 Paulo
1308 3245 1380 3322 port
1399 3245 1510 3320 tamm,
1530 3240 1606 3322 fidei
1621 3240 1747 3307 nomme
1760 3241 1950 3323 interposito,
1972 3259 2078 3306 muare
2090 3240 2164 3321 ipae

274 3325 381 3391 itatem
410 3323 475 3391 Dei
506 3325 633 3392 uouaiei
662 3325 739 3407 [idei
769 3325 836 3392 iure
861 3325 1053 3410 putrfaatmu
1084 3325 1134 3389 irr-
1185 3327 1325 3392 mudum
1357 3326 1484 3407 adeptor
1514 3346 1579 3393 reae
1610 3327 1746 3393 retrudet
1776 3326 1859 3409 quod
1888 3325 2036 3393 Οινιιιιιι
2067 3330 2164 3392 morte

156 3410 274 3496 trtiipit
1185 3431 1248 3477 aua
1270 3412 1440 3494 praeetdit.
1491 3409 1578 3479 Unde
1598 3412 1749 3496 sequitur,
1778 3432 1817 3478 ea
1832 3417 1925 3495 parte
1945 3411 2011 3478 Dei
2032 3411 2165 3478 salutm

244 3496 276 3561 ι.
300 3497 374 3563 Nora
394 3518 433 3563 ea
454 3496 609 3582 aperitur
645 3496 896 3564 Meminerimus
913 3496 1055 3562 Paulum
1076 3494 1134 3563 hio
1185 3501 1325 3563 rostram
1345 3497 1505 3579 impletam
1533 3518 1607 3576 eoae,
1636 3499 1729 3566 euius
1747 3498 1861 3582 fruitio
1888 3499 1924 3564 iu
1941 3498 2038 3581 fiuern
2065 3517 2164 3581 usque

158 3601 341 3648 sermonem
371 3582 493 3649 habere
521 3584 563 3648 ad
584 3583 705 3661 fideles,
739 3605 777 3650 ao
798 3583 931 3649 modum
954 3581 1133 3650 desoribere
1184 3582 1318 3649 militiae
1341 3589 1468 3650 noatrae
1491 3583 1645 3667 differtum.
1688 3583 1798 3668 Atque
1825 3583 1860 3649 id
1888 3594 1939 3651 est
1967 3584 2055 3669 quod
2086 3583 2163 3650 alibi

158 3688 222 3751 quo
249 3668 285 3732 in
307 3686 446 3751 regnum
467 3669 533 3735 Dei
554 3669 695 3753 ingressi
717 3669 793 3735 sint.
837 3669 944 3753 Negat
965 3667 1132 3753 eosquid·
1185 3689 1312 3753 quoque
1332 3669 1418 3735 idem
1435 3669 1560 3736 Paulus
1578 3669 1679 3750 dooet,
1703 3691 1762 3737 nos
1776 3689 1833 3753 spe
1848 3670 1958 3737 salvos
1975 3690 2047 3738 ιιιι
2062 3671 2164 3737 laotos

158 3774 255 3837 quom
286 3755 438 3837 operibus
466 3754 569 3820 tuisse
598 3756 793 3837 promeritos
822 3765 860 3820 nt
880 3755 996 3821 salutis
1017 3755 1133 3819 fierent
1185 3752 1293 3839 (Rom.
1317 3755 1347 3836 8,
1368 3755 1435 3842 24).

157 3839 341 3990 gartimpae,
366 3839 455 3907 velut
471 3840 541 3906 Deo
556 3839 844 3906 reoonoiliarentnr
861 3861 921 3924 per
942 3840 1052 3905 fidem:
1075 3839 1132 3905 sed
1272 3839 1336 3907 Per
1357 3840 1518 3908 lavacrum
1539 3841 1792 3924 regenerationis.
1838 3841 1913 3909 Non
1941 3841 2054 3909 dubito
2081 3841 2161 3924 quin

184 3944 222 3991 oo
244 3926 367 3991 bonum
394 3922 528 4009 adeptos
549 3925 649 3991 fuisse
671 3925 751 3992 dioit
771 3926 841 3991 sola
863 3925 927 3991 Dei
949 3923 1132 3990 miserioor·
1185 3926 1300 3992 saltem
1324 3925 1365 3990 ad
1386 3928 1583 4010 baptismum
1606 3926 1740 3994 alludat.
1784 3926 1854 3992 lmo
1875 3927 1969 3994 feoile
1995 3928 2100 4011 patiar
2122 3927 2162 3993 de

159 4010 220 4078 dia
264 4010 408 4077 Proinde
439 4032 481 4076 ex
512 4013 581 4077 eius
611 4012 721 4077 verbis
742 4010 934 4096 eolligimus,
967 4010 1051 4075 nihil
1073 4030 1134 4076 nos
1186 4012 1347 4095 baptismo
1369 4012 1477 4078 loonm
1499 4016 1636 4096 exponi:
1658 4034 1725 4079 non
1752 4012 1839 4097 quod
1853 4014 1888 4078 in
1906 4021 2043 4080 externo
2058 4032 2162 4097 aquae

158 4097 277 4163 afferre
305 4098 348 4164 ad
370 4096 490 4181 Deum,
523 4096 580 4163 sed
606 4117 700 4163 mera
720 4097 789 4163 eius
810 4097 918 4181 gratia
940 4096 1134 4181 praeveniri,
1185 4097 1333 4182 symbolo
1353 4098 1481 4166 inolusa
1501 4098 1546 4165 ait
1560 4097 1658 4181 salus,
1680 4099 1738 4165 sed
1752 4100 1832 4184 quia
1846 4110 1973 4183 partam
1992 4098 2161 4165 aOhristo

158 4182 250 4247 nullo
279 4202 415 4266 operum
444 4194 603 4267 respeetu.
647 4184 731 4249 Nam
759 4203 859 4267 quum
882 4183 970 4257 dieit,
1003 4202 1070 4248 non
1092 4202 1133 4248 ex
1185 4182 1325 4250 salutem
1347 4184 1530 4268 baptismus
1559 4186 1654 4251 nobie
1680 4185 1841 4270 obsignat.
1885 4185 2017 4251 Traotat
2037 4183 2164 4251 Paulus

158 4269 312 4352 operibns
335 4290 437 4353 quae
459 4271 719 4349 ieeissemus,
750 4271 913 4370 signifieat
935 4268 1018 4335 nihil
1039 4289 1133 4351 posse
1187 4269 1227 4335 de
1251 4270 1452 4337 exhibitione
1473 4272 1599 4355 gratiae
1614 4270 1688 4350 Dei,
1710 4291 1807 4374 quam
1822 4270 1887 4370 fide
1909 4279 2059 4371 ooustare
2081 4269 2163 4335 dixi-

158 4353 1132 4540 titullttrtttt,tetigittestituit&
1186 4376 1268 4524 tt·
1289 4356 2163 4525 qittetrtttrt'ttttttittt„tt

158 4524 215 4591 ιιι
241 4526 380 4603 dixerat,
413 4528 529 4593 stultos
551 4538 584 4593 et
605 4528 833 4611 immorigeros
855 4549 934 4605 esse,
969 4529 1133 4609 variisque
1186 4536 1245 4605 est,
1279 4529 1397 4593 merito
1430 4529 1500 4595 eius
1532 4529 1731 4594 mentionem
1764 4528 1852 4594 faoit.
1898 4526 2028 4594 Deinde
2059 4546 2163 4611 quum

158 4611 1133 4781 exiliuit„tilttrtrtttttulit?
1187 4612 1743 4767 lllttfflltttthlt‘thtl‘
1762 4614 2163 4784 {adhibitura

158 4803 237 4849 nam
271 4783 416 4867 prodiret
447 4785 567 4850 bonum
601 4783 707 4867 opus?
760 4721 936 4852 Insuhhiunt
968 4805 1046 4868 ergo
1080 4783 1135 4867 qui
1187 4783 1241 4852 bio
1263 4785 1435 4852 adduoitur
1456 4785 1605 4867 aPaulo,
1628 4787 1707 4851 dum
1721 4784 1892 4852 ostendere
1915 4750 1984 4853 v’ult
2002 4783 2163 4869 quomodo

158 4869 325 4935 hominem
343 4870 411 4936 auis
432 4869 482 4957 (ut
505 4871 637 4959 vooant)
658 4871 961 4955 praeparationibus
983 4868 1134 4936 aooedere
1188 4872 1378 4954 apparuerit
1399 4870 1492 4938 nobis
1513 4870 1580 4938 Dei
1601 4871 1717 4957 gratia.
1761 4870 1809 4938 Ut
1838 4871 1914 4937 talis
1936 4872 1980 4938 sit
2005 4869 2163 4937 orationis

159 4952 200 5021 ed
229 4953 339 5022 Deum
369 4956 512 5042 fingunt.
562 4957 646 5024 Tota
674 4958 760 5024 enim
787 4960 877 5024 vitae
905 4955 1037 5040 periodo
1065 4954 1137 5019 lon·
1187 4962 1370 5036 contextus,
1401 4959 1493 5024 Deus
1521 4979 1581 5025 nos
1602 4958 1713 5023 salvos
1741 4957 1817 5024 ieoit
1840 4978 1900 5024 ιιι
1928 4955 2163 5039 ιιίιιιιιιιιιι,

157 5040 232 5127 gius
260 5043 300 5107 ab
331 5062 370 5106 eo
402 5042 584 5124 disoedunt,
617 5044 718 5110 donee
750 5063 810 5110 aua
837 5065 938 5110 manu
959 5043 1000 5109 ab
1023 5063 1133 5108 errore
1187 5044 1279 5110 ouius
1300 5043 1417 5111 salutis
1433 5042 1619 5129 symbolum
1640 5065 1679 5110 ιι
1697 5042 1817 5129 pignus
1833 5043 1922 5111 dedit
1939 5045 1972 5108 in
1992 5042 2161 5127 baptismo,

158 5146 214 5194 ιιι
248 5126 282 5193 ιι
305 5127 394 5196 riam
426 5127 574 5195 retrahit.
625 5128 777 5214 Denique
810 5129 896 5214 quod
926 5150 995 5210 nos,
1026 5128 1135 5212 potius
1188 5150 1249 5195 nos
1271 5131 1306 5194 in
1328 5150 1420 5196 auam
1444 5130 1611 5197 eeclesiam
1635 5140 1800 5215 eooptaua,
1822 5137 1855 5196 et
1870 5133 2018 5196 inserens
2038 5129 2075 5194 in
2089 5147 2162 5195 eor·

158 5231 256 5295 quam
271 5213 338 5299 alii,
359 5214 501 5301 oooptati
515 5235 628 5281 sumus
646 5217 680 5282 in
697 5215 821 5284 Christi
839 5215 1134 5301 partieipationem,
1187 5235 1249 5299 pus
1270 5215 1331 5281 filii
1363 5217 1423 5282 aui.
1467 5215 1585 5285 Solent
1611 5227 1720 5282 autem
1743 5215 1881 5299 apostoli
1907 5214 2162 5283 asaoramentis

156 5297 192 5365 id
221 5304 330 5379 totum
357 5299 482 5368 Paulus
511 5301 657 5387 assignat
685 5300 751 5370 Dei
779 5303 1029 5382 miserirordiae,
1059 5300 1134 5386 quia
1178 5301 1299 5369 dooere
1324 5311 1568 5388 argumentum,
1591 5310 1630 5368 ut
1651 5321 1720 5368 rem
1746 5301 1813 5368 illio
1827 5302 1991 5387 signatam
2005 5301 2160 5385 probent:
