4740 6016
177 268 290 394 195²¹
869 323 1012 393 nmen.
1036 266 1522 395 Prnntinnenneroe
2128 314 2193 389 1et
2216 304 2235 349 ·⁵

177 450 594 600 quaesissemque
626 486 677 582 est
690 464 873 597 erim
893 513 1027 591 literali&
1040 470 1313 598 1)θᾶιῖΐῆἰῖβῖ
1340 478 1511 612 littidum
1529 494 1665 596 spiritns
1687 501 1783 579 datus
1801 516 1882 594 erat,
1904 509 2228 619 q'nia'lesuslnouz

184 600 1171 770 totiusquetotiusqiue·
1201 598 1726 777 iltttttttlttult
1741 597 2191 781 ¹⁶’rloirlfflln'llhlf

184 773 443 857 tratum-deflectit,
466 772 557 840 Rom.
571 791 641 854 cop.
658 777 713 855 10,
730 778 761 839 6.
794 772 1031 855 Praeterquam
1052 780 1183 849 antem,
1213 769 1367 853 Denique
1384 771 1563 867 sionttunq
1583 768 1691 867 eoepit
1706 774 1742 837 s'e
1765 790 1820 836 ere
1834 768 2059 837 addexttram
2072 768 2203 853 patris,¹
2225 790 2230 797 ·

183 859 270 941 qnod
293 860 379 926 nihil
402 859 467 925 nisi
477 857 614 942 ‚proprie
635 868 669 922 et
689 857 922 929 eonvenienter
941 857 1164 937 aoeommodat
1213 856 1318 939 eoepit
1340 855 1438 921 etiam
1461 855 1599 939 implere
1619 855 1740 922 omnia.
1777 862 1780 869 “
2202 904 2205 909 -

184 945 311 1012 Paulus
327 947 381 1012 tad
402 944 528 1010 Christi
550 963 737 1026 personam:
767 941 913 1011 olauaula
936 941 1053 1025 psalmi
1082 942 1163 1008 salit
1607 1010 1612 1025 ,
1775 988 1809 1027 .-,
1890 1014 1903 1023 .,
1952 1020 1955 1027 ,
1992 1018 2012 1025 ,Α
2093 1022 2096 1028 ,

1503 1006 1982 1111 aquaequeaquaeque,
1993 1022 2208 1095 armasset

187 1032 402 1108 demonstrat,
433 1027 483 1129 ad·
506 1030 579 1129 eius
612 1049 758 1129 regnum-
785 1027 950 1112 pertinere
979 1027 1166 1126 qnae-illie.
1259 996 1357 1101 .„11.'.
1370 1023 1499 1180 Εέῖὰοι
1727 1114 1733 1126 .
1784 1108 1787 1117 1
1871 1114 1878 1129 .
2027 1126 2030 1131 Ι
2097 1114 2100 1119 Ι

186 1128 363 1182 oanuntnr.
408 1114 612 1181 Vouermum
645 1135 732 1181 emm
761 1118 914 1198 apertum
946 1121 1092 1180 eontinet
1120 1112 1162 1177 de
1207 1114 1384 1199 prophetes,
1402 1134 1428 1185 ,a
1442 1133 1489 1212 tos
1536 1113 1808 1208 ἰοοοοοιροῑοοζοὰ,
1830 1115 1914 1193 diaeo
1923 1111 2192 1201 pommeraniae-¹

185 1201 536 1286 gentium-romaum,
557 1199 680 1267 atalia
701 1211 868 1274 taoeam..
942 1240 979 1267 w:
1010 1246 1014 1252 -
1050 1240 1054 1249 »
1089 1244 1092 1249 -
1211 1205 1303 1275 tores,
1336 1196 1484 1283 Iberia
1555 1197 2229 1283 arduummndotum,'ibopttembiie2⁹

272 1285 502 1367 Ie'iofert‘oree
518 1289 638 1368 parles.
667 1286 755 1352 ·Hoo
778 1305 856 1351 vero
877 1285 994 1367 inepte.
1009 1291 1177 1367 torquent,
1211 1286 1295 1369 terii,
1310 1282 1754 1386 tnyoeditmeeenoeporu
1765 1283 1892 1368 tiemo,
1913 1284 1976 1365 ¹13.
1989 1294 2093 1368 usqae
2111 1280 2225 1379 M

184 1370 319 1456 quidam
347 1373 403 1436 vel
432 1373 473 1437 ad
499 1371 658 1458 lymbnm,
682 1371 739 1436 ,vel
756 1371 809 1439 ad
834 1371 967 1447 inferos,
997 1390 1099 1453 quom
1122 1369 1167 1443 de,
1213 1390 1414 1457 mqurramua
1432 1390 1537 1443 omnes
1550 1371 1758 1449 ,temesae
1776 1370 1855 1452 'tides‘
1869 1370 2108 1455 ¹oleoqulti'ouio
2125 1367 2196 1449 filla*
2226 1380 2229 1385 ’

185 1457 369 1540 praesentis
387 1466 517 1523 tantum
540 1458 627 1523 vitae
644 1456 829 1524 eonditione
850 1466 929 1540 agat
945 1456 1079 1522 Paulus.
1116 1455 1163 1523 ltt
1212 1449 2221 1545 Dei,iuoirumpet·feetum,inmeitsurumoetatisplmitttditttuf

185 1547 427 1628 argumentum,
456 1543 540 1625 qnod
561 1555 767 1611 sumuntex
795 1542 901 1626 gradu
918 1540 1161 1625 -eomparativo,
1215 1542 1350 1617 Christi:
1388 1542 1438 1607 14.
1473 1540 1515 1611 ne'
1529 1538 1671 1631 emplius
1685 1542 1788 1615 ner'otue
1801 1542 1973 1627 puerique
1994 1534 2226 1629 fluctuemlll‘ff

185 1630 287 1695 nimis
317 1628 486 1693 infirmnm
515 1637 578 1695 est.
630 1628 848 1711 Comparatnr
879 1629 966 1695 enim
990 1647 1064 1699 ¹uon
1096 1646 1163 1697 uua
1191 1634 1242 1705 ¹et
1270 1628 1528 1713 assumseram
1548 1628 1670 1711 qrtooia
1685 1631 1771 1719 qettq
1801 1627 1985 1710 doetriesoe',
1996 1636 2058 1709 pet
2082 1626 2218 1717 ethim

185 1735 263 1798 pars
286 1724 394 1779 terrae
423 1735 497 1780 oum
523 1714 637 1794 altera,
666 1715 722 1779 sed
750 1723 817 1781 tota
839 1725 927 1779 terra
953 1733 1027 1779 oum
1055 1712 1161 1779 ooelo:
1213 1710 2190 1797 bostrom,perveraettemadetrmmooettoeemterpostume
2217 1726 2224 1741 ·

186 1821 227 1867 ae
249 1800 277 1866 ei
299 1799 434 1883 dieeret,
455 1800 595 1866 exsede
616 1810 684 1865 tam
708 1799 846 1880 exoelsa,
866 1801 906 1873 ‚in
928 1800 991 1866 hoo
1013 1810 1160 1864 nostrum
2198 1874 2203 1891 ι

186 1884 602 1970 petuntumuarathmm
624 1884 855 1953 deseendisse..
1298 1884 1399 1953 Redit
1421 1883 1461 1953 ad
1482 1884 1574 1950 illam
1597 1885 1776 1968 gratiarnm
1795 1884 2070 1968 dispensationem
2093 1885 2202 1950 ouius·

275 1970 328 2036 10.
359 1968 463 2053 Super
492 1990 596 2037 eomes
616 1970 721 2036 coelos.
765 1969 913 2039 Perinde
936 1981 986 2037 eet
1006 1990 1045 2047 so
1066 1971 1094 2034 ei
1116 1968 1162 2039 di·
1213 1970 1424 2057 meminerat:
1451 1976 1488 2036 et
1517 1971 1621 2049 lusius
1643 1970 1786 2035 declarat
1815 1970 1900 2054 quod
1923 1970 2068 2036 breviter
2094 1970 2207 2059 prius.

187 2062 277 2123 uetat
307 2066 405 2121 extra
433 2056 593 2121 mundum
620 2055 709 2121 huno
737 2063 893 2123 oreatnm.
947 2058 1034 2122 Nam
1061 2077 1161 2138 quum
1214 2058 1333 2141 attigit,
1356 2077 1399 2121 ex
1413 2052 1475 2125 ieta
1497 2058 1656 2122 varietate
1670 2057 1784 2123 oonfioi
1807 2057 1842 2120 in
1857 2055 1994 2122 eoelesia
2016 2055 2189 2132 unitatem,

188 2142 311 2208 dieitur
334 2141 487 2207 Christus
509 2142 542 2206 in
564 2143 653 2208 ooelo
674 2163 754 2223 esee,
781 2164 848 2208 non
873 2144 919 2211 sio
942 2144 1087 2225 aeeipere
1109 2141 1162 2205 de·
1214 2143 1299 2209 aiom
1322 2142 1405 2209 varii
1434 2142 1502 2205 toni
1525 2143 1560 2206 in
1582 2144 1705 2209 musioa
1734 2143 1867 2207 suavem
1891 2142 2061 2207 melodiam
2087 2141 2191 2207 oouliss‘

188 2229 304 2293 bemus
326 2228 420 2310 qnasi
443 2227 583 2292 resideat
604 2227 691 2293 inter
719 2228 885 2312 sphaerae,
912 2239 949 2293 ut
971 2227 1081 2297 stellas
1102 2247 1163 2291 nn·
1213 2230 1313 2296 oiunt.
1358 2225 1466 2294 Simul
1500 2233 1608 2296 umen
1642 2233 1813 2295 externum
1844 2228 1937 2293 verbi
1970 2226 2187 2293 ministerium

189 2319 311 2378 meret:
335 2312 399 2378 sed
428 2313 497 2380 illio
526 2312 649 2378 eoelum
682 2314 844 2397 signifieat
874 2314 982 2381 loeum
1013 2313 1161 2396 sphaeris
1214 2314 1419 2384 sommendat
1441 2313 1481 2381 ab
1496 2313 1639 2379 utilitate
1657 2333 1739 2396 qnae
1754 2313 1829 2389 inde
1852 2314 2011 2396 provenit.
2048 2313 2190 2380 Summa

187 2398 340 2464 omnibns
370 2399 580 2482 superiorem,
613 2399 667 2481 qui
697 2410 769 2481 post
799 2401 1066 2466 resurreodonem
1096 2399 1163 2464 filio
1213 2411 1276 2481 est,
1300 2401 1384 2481 quod
1406 2397 1612 2482 evangelium
1635 2419 1694 2482 per
1721 2409 1826 2466 oertos
1848 2400 1993 2465 homines
2020 2398 2188 2483 praediea-

188 2483 252 2548 Dei
280 2497 336 2550 eet
369 2485 559 2551 destinatus.
609 2484 686 2549 Non
718 2485 803 2567 qnod
838 2487 969 2568 proprie
1001 2487 1090 2551 loeus
1119 2486 1164 2549 sit
1213 2495 1271 2550 tur
1291 2485 1333 2549 ad
1356 2484 1388 2550 id
1411 2505 1532 2550 munus
1562 2484 1737 2562 ordinatos,
1768 2485 1853 2549 hano
1873 2486 2092 2551 oeconomiam
2115 2486 2191 2551 eese'

188 2580 285 2635 extra
306 2570 482 2635 mundum:
512 2569 567 2635 sed
597 2571 673 2652 quia
695 2572 742 2636 de.
760 2591 861 2655 regno
883 2570 946 2636 Dei
969 2571 1067 2653 loqui,
1097 2570 1162 2637 nisi
1215 2591 1278 2654 qua
1293 2569 1456 2636 Dominus
1473 2570 1641 2636 eoelesiam
1663 2591 1756 2636 suam
1776 2570 1848 2636 vult
1868 2570 2058 2656 gubernare,
2080 2581 2119 2636 ut
2136 2571 2215 2638 iu··‘

188 2676 281 2722 more
302 2666 424 2732 nosue,
447 2676 513 2721 non
536 2675 717 2737 possumus.
756 2655 822 2737 Qui
845 2668 955 2722 autem
976 2657 1053 2721 inde
1072 2655 1163 2724 oolli·
1214 2656 1350 2722 eolnmie
1372 2668 1501 2723 maneat
1527 2657 1562 2721 in
1592 2655 1652 2722 hoe
1675 2656 1805 2734 mundo,
1834 2666 1867 2720 et
1889 2654 2019 2720 tandem
2049 2656 2199 2743 solida'm'·

190 2752 283 2823 gunt,
316 2739 485 2806 Christum
514 2741 657 2806 looornm
686 2741 861 2807 intervallo
889 2763 955 2807 non
989 2741 1110 2809 distare
1142 2762 1162 2806 ο
1216 2763 1309 2807 suam
1333 2743 1563 2826 perfeetionem
1586 2743 1739 2807 obtineat.
1783 2741 1957 2807 Caeterum
1978 2743 2091 2808 mirari
2113 2744 2206 2827 quis·

190 2825 294 2906 nobis,
316 2827 454 2908 eoquod
478 2825 565 2891 idem
580 2826 710 2891 valeant
732 2828 910 2895 eminentia
934 2850 1034 2913 supra
1048 2848 1162 2895 omnes
1214 2830 1323 2912 possit,
1357 2848 1415 2893 our
1437 2827 1569 2907 Panlue,
1602 2847 1701 2909 quum
1732 2827 1771 2893 de
1793 2829 1926 2911 spiritus
1955 2829 2060 2893 saneti
2082 2828 2189 2897 'donis

189 2911 296 2976 ooelos
319 2923 352 2975 et
384 2911 558 2979 ιάοοοοοοο
579 2912 614 2976 in
637 2913 779 2979 eoelum:
810 2936 875 2980 non
898 2915 1163 2980 animadvertunt
1214 2921 1301 2979 esset
1323 2935 1439 2991 sermo,
1473 2935 1561 2978 nune
1582 2914 1688 2979 offitia
1718 2914 1876 2983 donorum
1900 2913 1969 2979 loeo
1991 2928 2189 2981 commemo-

191 3013 292 3079 quum
319 3017 419 3080 snpra
445 2996 561 3073 ooelos,
595 2998 648 3062 vel
678 3001 712 3064 in
741 2999 838 3065 coelis
866 3000 1000 3081 loeutus,
1032 3002 1163 3067 exoludi
1215 3010 1273 3066 ret.
1311 2999 1519 3082 Respondeo,
1542 3002 1665 3081 quoties
1684 2998 1790 3064 aDeo
1808 3002 1912 3064 voeati
1931 3011 2010 3065 sunt
2027 3000 2190 3079 homines,
2257 3060 2260 3065 .

191 3081 350 3166 quidquid
384 3094 435 3148 est
467 3084 749 3151 eiroumlerentiae
785 3084 847 3150 sub
880 3085 948 3151 sole
984 3097 1017 3151 et
1049 3087 1163 3164 stellis,
1215 3086 1303 3150 dona
1320 3085 1504 3163 neeessario
1519 3086 1693 3150 ooninneta
1714 3106 1785 3150 esse
1804 3086 1928 3151 ollioiis.
1947 3085 2081 3168 'Neque
2099 3088 2189 3152 enim

192 3168 336 3250 adeoque
358 3168 420 3234 snb
442 3179 508 3235 tota
533 3169 668 3235 visibilis
691 3169 805 3234 mnndi
828 3170 988 3237 maehina.
1214 3170 1306 3235 Dens
1339 3170 1501 3253 apostolos
1536 3182 1592 3235 ont
1624 3183 1770 3252 pastores
1802 3173 2012 3249 instituendo,
2062 3175 2209 3239 larvam·

283 3253 324 3320 Ut
339 3254 477 3338 impleret
493 3257 609 3321 munio.
647 3254 811 3336 Quoniam
826 3257 960 3339 implere
975 3278 1071 3341 saepe
1094 3279 1164 3341 per·
1214 3256 1280 3322 illis
1303 3256 1463 3321 duntaxat
1493 3258 1647 3339 imponit:
1664 3256 1731 3322 'sed
1762 3257 1891 3321 dotibus
1917 3259 2013 3322 etiem
2044 3258 2191 3340 instruit,

190 3340 288 3406 ficere
310 3341 479 3424 signifieat,
509 3351 618 3425 posset
639 3341 694 3408 hie
715 3363 842 3424 qnoque
863 3343 911 3408 sie
932 3346 1041 3425 eooipi.
1077 3345 1162 3408 Nam
1215 3344 1286 3408 sine
1308 3344 1427 3425 quibus
1445 3343 1506 3406 rite
1527 3343 1724 3407 funotionem
1741 3342 1802 3429 ⁸lb¹
1824 3353 2002 3408 inrunotam
2018 3344 2108 3410 obire
2130 3344 2190 3413 ne·

191 3446 253 3493 suo
275 3427 310 3490 in
333 3426 454 3492 eoelum
478 3427 637 3493 adsuensu
650 3426 803 3494 Christus
825 3430 1060 3510 possessionem
1084 3430 1164 3494 adiit
1215 3437 1349 3510 queunt.
1393 3426 1551 3509 Quisquis
1578 3449 1656 3512 ergo
1679 3428 1743 3493 Dei
1772 3431 1947 3494 autoritate
1976 3431 2191 3497 eonstituitur

193 3511 291 3577 datae
308 3512 415 3577 sitia
435 3526 530 3595 patre
548 3512 791 3593 dominationis,
811 3522 849 3578 nt
870 3516 977 3580 omnia
992 3527 1082 3600 regat
1105 3537 1165 3580 sua
1216 3515 1392 3596 apostolus,
1428 3535 1491 3579 non
1521 3515 1610 3579 inani
1638 3527 1671 3578 et
1697 3515 1784 3579 nudo
1814 3514 1919 3594 titulo,
1948 3516 2005 3581 sed
2034 3515 2192 3583 mandatd

189 3597 316 3663 uirtute
337 3607 370 3663 et
390 3598 587 3664 moderetur.
608 3644 611 3655 .
631 3599 825 3682 Elegantior
847 3608 967 3681 umen,
989 3622 1061 3675 meo
1082 3600 1165 3666 iudi·
1215 3599 1310 3664 simul
1329 3612 1362 3663 et
1380 3597 1535 3665 laenitate
1553 3599 1717 3683 praeditus
1736 3608 1796 3668 est.
1833 3601 1929 3667 Nune
1943 3603 2073 3686 singula
2088 3603 2209 3670 verba·

191 3685 253 3767 oio,
270 3686 337 3748 erit
353 3705 479 3766 sensus,
499 3685 527 3748 si
551 3684 615 3749 dno
631 3686 667 3749 in
687 3687 828 3767 speeiem
850 3687 1163 3770 eontrariaiungan·
1215 3682 1459 3768 expendamus„
1540 3752 1543 3757 ,

192 3782 258 3851 tur,
284 3790 366 3853 quae
388 3786 497 3835 tamen
526 3790 562 3835 re
583 3772 657 3852 ipsa
675 3771 764 3836 inter
784 3792 820 3837 se
845 3785 1034 3855 oongroant.
1078 3773 1163 3838 Nam
1302 3770 1353 3838 11.
1388 3769 1462 3853 Ipse
1493 3771 1585 3839 dedit.
1634 3772 1783 3838 Primum
1812 3772 1984 3856 signifieat,
2000 3786 2081 3839 'non
2114 3770 2193 3841 esee

193 3877 296 3936 quum
326 3854 476 3921 audimus
505 3856 695 3922 adsoensnm
725 3856 859 3940 Christi,
891 3859 1039 3939 protinus
1072 3860 1166 3926 nobis
1217 3858 1278 3923 hoo
1300 3858 1473 3924 inventum
1497 3857 1688 3940 humanum,
1703 3859 1774 3924 ¹sed
1800 3870 2039 3924 saerosanetam
2063 3859 2192 3925 Christi

194 3944 228 4004 in
248 3951 392 4006 mentem
407 3942 510 4022 venit,
532 3962 606 4006 eom
622 3942 734 4024 prooul
757 3944 885 4011 anobis
898 3951 1064 4022 remotum
1079 3962 1167 4013 esee:
1217 3944 1465 4025 institutionem,
1495 3944 1580 4025 quod
1611 3945 1735 4027 regitur
1756 3945 1892 4010 ecelesia
1914 3944 2005 4008 verbi
2027 3943 2194 4026 praediea·

192 4040 225 4091 et
248 4039 298 4093 est
320 4029 417 4092 etiam
438 4048 525 4108 sane,
553 4028 660 4111 quoad
680 4047 798 4112 eorpus
819 4041 853 4095 et
874 4029 1051 4097 humanam
1074 4053 1166 4114 pree·
1218 4028 1315 4099 tione.
1364 4028 1476 4111 Neque
1506 4031 1592 4097 enim
1623 4029 1759 4115 apostoli
1791 4050 1825 4094 se
1852 4030 1914 4112 ipsi
1942 4030 2103 4117 erearu'tit,
2130 4032 2190 4097 ee'd

193 4114 341 4178 sontium.
392 4113 518 4179 Paulus
550 4124 659 4179 autem
693 4114 857 4199 admouet,
889 4116 938 4180 ita
969 4117 1166 4184 snbdnotum
1217 4114 1313 4180 eleeti
1335 4115 1470 4179 fuerunt
1491 4136 1511 4179 a
1530 4108 1678 4180 Christo:
1701 4135 1806 4198 neque
1828 4116 1924 4181 hodie
1946 4117 1999 4198 qui
2019 4116 2088 4181 veri
2108 4128 2204 4201 aunt-

194 4202 295 4263 t'uiaae
317 4220 337 4263 a
357 4198 452 4264 nobis
473 4199 630 4282 oorporali
653 4201 847 4284 praeseutia,
869 4206 907 4271 ut
924 4203 1032 4267 omnia
1056 4214 1165 4283 tamen
1217 4214 1372 4283 pastores,
1395 4221 1430 4264 se
1452 4208 1574 4266 temere
1596 4202 1752 4284 ingerunt
1774 4201 1904 4283 proprio
1927 4202 2071 4281 arbitrio,
2089 4202 2151 4267 eed'
2171 4223 2192 4267 a

194 4285 340 4365 impleat,
366 4306 493 4368 nempe·
506 4287 640 4368 spiritus
653 4287 714 4351 ‚sni
737 4286 868 4351 virtute.
912 4285 996 4350 Nam
1020 4308 1163 4370 quaeun·
1217 4286 1360 4351 Domino
1375 4287 1568 4353 exeitantur.
1596 4285 1745 4370 Denique
1761 4288 1905 4371 regimen
1922 4286 2085 4373 eeclesiae,
2101 4287 2190 4370 quod

195 4389 260 4450 que
282 4379 372 4452 patet
389 4371 452 4436 Dei
471 4371 614 4450 dextera,
635 4390 719 4453 quae
740 4371 865 4442 ooelum
889 4384 921 4436 et
937 4378 1057 4439 terram
1081 4395 1166 4440 eom·
1218 4371 1308 4437 verbi
1331 4373 1512 4445 ministerio
1535 4382 1671 4449 oonstat,
1701 4393 1766 4437 non
1789 4371 1830 4438 ab
1853 4372 2038 4438 hominihus
2060 4394 2101 4439 ex
2167 4374 2192 4445 ’,-

194 4455 355 4537 pleotitnr,
383 4457 503 4523 diffusa
534 4469 584 4523 est
609 4456 790 4538 spiritualis
812 4456 937 4523 Christi
965 4461 1166 4541 praesentiat
1217 4472 1331 4540 tatum,
1353 4457 1409 4523 sed
1433 4479 1453 4522 a
1473 4452 1544 4522 filio
1563 4456 1625 4522 Dei
1648 4458 1789 4541 positum
1812 4478 1884 4524 esse
1907 4459 2009 4523 dooet.
2046 4457 2194 4543 Proine

194 4558 229 4605 et
250 4542 502 4624 ipae-immensa
520 4544 649 4608 virtute.
663 4562 722 4609 sua
743 4541 844 4619 adest,
868 4554 1032 4627 uteunque
1049 4566 1166 4628 oorpue
1216 4554 1373 4626 tanquam
1395 4543 1574 4623 inviolabili
1599 4546 1668 4609 eius
1690 4546 1819 4609 deoreto
1841 4542 2131 4627 aequiesoendum':
2158 4544 2194 4611 eb

193 4627 286 4694 ooelo
300 4629 458 4695 eontineri
476 4635 637 4711 oporteat,
659 4628 836 4695 seeundum
856 4628 948 4695 Petri
969 4633 1164 4697 seutentiam
1216 4628 1472 4713 quiounquehoo
1493 4630 1707 4696 ministerium
1721 4630 1771 4694 vel
1794 4630 1963 4714 respuunt,
1984 4629 2037 4694 vel
2055 4629 2192 4715 adsper-

195 4713 283 4798 (Aot.
304 4713 423 4800 3,-.21).
475 4713 636 4781 Videmus
663 4725 701 4780 ut
730 4714 846 4779 allusio
875 4716 916 4781 ud
945 4718 1084 4799 speeiem
1114 4738 1164 4782 re·
1217 4727 1350 4804 nentur,
1372 4735 1426 4781 eos
1444 4716 1478 4780 in
1495 4715 1664 4781 Christum
1687 4727 1831 4799 autorem
1854 4716 1990 4799 iniurius
2004 4727 2039 4781 ot
2053 4712 2193 4783 rebelles

196 4802 396 4885 pugnantiae
419 4821 484 4865 non
507 4820 641 4882 parvam
670 4799 769 4866 addat
790 4801 940 4882 gratiam.
976 4801 1165 4880 Adsoendit,
1216 4824 1296 4870 esse.
1341 4800 1417 4884 Ipse
1447 4821 1524 4887 ero
1552 4811 1603 4866 est
1631 4803 1685 4883 qui
1720 4799 1821 4866 dedit:
1855 4800 1930 4884 qnia
1962 4802 2026 4866 nisi
2059 4803 2191 4880 exeitet,

192 4887 312 4953 sedat
332 4885 457 4952 eoelum
479 4895 513 4951 et
534 4895 656 4951 terrum
679 4884 839 4966 impleret,
870 4888 925 4970 qui
947 4897 1024 4957 ante
1045 4889 1166 4972 exiguo
1216 4888 1299 4953 nulli
1320 4884 1438 4952 erunt'
1504 4886 1566 4953 nde
1593 4886 1690 4952 etiam
1714 4886 1915 4971 oolligimus,
1935 4889 2099 4953 nemiuem
2121 4886 2194 4955 io're

195 4973 301 5054 spatio
330 4970 573 5051 eontinebatur.
622 4970 687 5038 Sed
721 4991 830 5037 annon
865 4972 955 5055 prius
987 4973 1164 5055 implebat?
1217 4974 1369 5038 idoneum
1392 4978 1450 5037 aut
1472 4993 1583 5056 parem
1607 4981 1672 5036 um
1696 4973 1861 5054 praeelaro
1882 4968 2018 5052 moneri,
2040 4974 2110 5060 ¹nisi
2132 4970 2204 5058 dhi-

195 5056 373 5124 Certatum
395 5057 573 5136 divinitate,
595 5057 720 5124 fateor:
742 5057 974 5124 sedvirtotem
996 5060 1047 5124 sui
1070 5061 1165 5142 spiri·
1217 5079 1236 5124 a
1269 5058 1401 5125 Christo
1434 5059 1591 5145 formatus
1623 5066 1657 5121 et
1688 5060 1791 5124 faetus
1825 5059 1929 5125 luerit.
1982 5054 2079 5139 Quod
2112 5056 2194 5147 e‘r'go

195 5154 250 5206 tus
270 5164 338 5210 non
359 5143 403 5210 its
425 5141 608 5224 exserebat,
635 5165 695 5213 nee
715 5144 750 5211 in
772 5165 812 5209 ea
833 5163 925 5211 enam
949 5145 1166 5228 praesentiam
1217 5143 1381 5227 evangelii
1398 5144 1565 5209 ministros
1589 5142 1760 5223 habemus,
1778 5145 1848 5209 eius
1871 5156 1921 5210 est
1940 5145 2085 5227 donum:
2102 5142 2191 5228 qnod

193 5227 378 5305 exhibebat,
405 5228 489 5294 siout
511 5229 600 5295 adita
621 5230 715 5315 regni
735 5231 787 5296 sui
807 5232 1020 5314 possessione,
1050 5230 1165 5296 Iohan.
1218 5230 1383 5297 oxoellunt
1409 5229 1597 5295 neeessariis
1623 5229 1726 5308 donis,
1758 5231 1829 5295 eius
1855 5238 1904 5295 eet
1930 5230 2070 5299 donum:
2104 5231 2193 5316 quod
