4762 6016
184 465 252 534 353
1090 459 1241 527 cAPU'u
1264 461 1292 525 Ι.
2132 463 2200 532 354

188 664 250 728 bus
280 682 363 745 quae
392 659 612 744 praevidebat,
641 656 740 725 luisse
762 657 949 738 adduotum,
979 675 1044 721 non
1066 654 1165 738 longa
1218 656 1360 721 frustum
1387 653 1486 718 huius
1514 652 1641 737 gratiae
1669 654 1841 737 pervenire
1863 654 1905 721 ad
1927 654 2077 723 homines
2098 679 2199 741 qnam

188 747 349 815 solutions
379 744 515 831 indiget.
557 743 676 826 Qualia
698 743 786 810 enim
808 743 919 808 iutura
939 749 1036 807 erant
1057 759 1165 823 opera,
1218 760 1276 823 per
1304 738 1523 823 evangelium.
1566 739 1668 805 quta
1689 739 1771 806 illud
1795 740 1840 825 (2.
1863 739 1937 807 Oor.
1959 741 1990 821 5,
2014 741 2082 829 19):
2112 744 2198 811 Erat

189 834 219 899 si
240 853 387 900 essemus
407 833 512 897 aDeo
527 829 705 912 praeteriti,
727 848 826 913 quum
841 827 988 894 omnium
1004 826 1166 893 bonorum
1219 827 1309 891 Dens
1337 826 1372 890 in
1394 824 1529 891 Obristo
1557 824 1717 891 mundum
1739 826 1801 892 sibi
1822 827 2055 894 reoonoilians:
2084 836 2118 895 et
2138 829 2194 896 de·

189 919 263 985 ions
285 926 319 984 st
340 918 469 983 initium
493 917 537 982 sit
557 917 628 999 ipsa
650 913 784 981 eleotio?
822 913 967 980 Donatio
990 910 1070 978 haeo
1091 930 1165 995 gru·
1219 911 1327 994 posuit
1355 910 1442 994 apud
1471 930 1531 976 nos
1556 930 1740 978 sermonem
1763 911 2047 979 reoonoiliationis.
2086 916 2198 999 Atque

188 1006 265 1083 tiae,
286 1004 379 1071 ouius
401 1001 560 1077 meminit,
579 1001 664 1067 nihil
685 999 774 1066 aliud
796 1008 847 1066 est
867 1019 965 1082 quam
989 995 1165 1080 praedesti·
1219 996 1280 1063 hoo
1305 996 1434 1081 insigne
1455 1004 1506 1060 est
1527 1015 1565 1063 ao
1585 996 1794 1064 memorabile
1815 998 1980 1082 evangelii
2001 1000 2197 1080 encomium,

191 1088 282 1156 natio
306 1109 371 1172 qua
391 1107 505 1155 sumus
526 1087 673 1171 adoptati
695 1086 732 1151 in
753 1084 819 1152 Dei
839 1085 934 1151 tilios.
982 1083 1053 1165 Quo
1074 1082 1112 1147 de
1131 1101 1167 1147 re
1219 1080 1306 1165 quod
1328 1092 1461 1150 rotatur
1482 1083 1571 1148 vitae
1591 1081 1777 1149 illustratio.
1822 1083 1945 1150 Vitae
1969 1085 2100 1152 subiioit
2121 1086 2195 1151 im·

189 1175 366 1243 emenus
386 1174 471 1241 volui
487 1173 618 1251 ledaea
638 1172 716 1254 quio
728 1191 822 1252 saepe
835 1170 928 1238 Deae
943 1171 1083 1253 pretium
1095 1173 1168 1234 meo
1218 1166 1523 1234 mortalitatem:
1547 1188 1585 1234 ao
1607 1168 1634 1233 si
1657 1168 1778 1236 diaeret
1793 1190 1905 1236 veram
1922 1180 1957 1236 et
1970 1170 2192 1239 immortalem

189 1261 313 1327 denam
340 1261 429 1326 nobie
449 1260 527 1326 dora
546 1259 673 1338 dieitur,
701 1256 758 1323 abi
777 1257 847 1323 aas
868 1256 1012 1339 effoetum
1027 1253 1168 1337 pereipi-
1220 1253 1331 1319 vitam.
1376 1251 1446 1319 Nisi
1474 1253 1560 1319 forte
1586 1274 1645 1336 per
1675 1255 1778 1322 vitem
1805 1255 1991 1341 intelligere
2018 1256 2114 1324 malis
2144 1278 2195 1323 re·

191 1365 273 1412 mua.
320 1344 382 1412 dod
409 1345 602 1413 seaeant
622 1342 748 1411 Paulas
766 1342 845 1426 quid
864 1342 951 1424 opud
971 1360 1005 1407 ao
1025 1340 1169 1406 emutuit
1219 1338 1479 1423 generationem,
1516 1358 1617 1424 quam
1656 1341 1803 1425 seqnitur
1836 1341 1931 1408 beata
1963 1342 2197 1410 immortalitas

190 1432 232 1498 ab
250 1431 352 1498 initio.
394 1429 493 1498 Dedit
520 1449 591 1515 arpo
618 1429 709 1512 quod,
737 1429 825 1495 sono
846 1428 954 1494 morito
970 1430 1167 1508 proooootaa,
1219 1444 1303 1509 quae
1324 1423 1432 1491 adhue
1452 1432 1614 1508 speratur.
1654 1426 1700 1491 Et
1720 1434 1808 1493 oerte
1829 1425 1892 1495 hoo
1912 1437 2061 1496 nostrum
2084 1430 2197 1496 vivere

192 1517 332 1585 noudum
351 1517 439 1583 notis
458 1515 650 1600 arripuerit:
679 1534 718 1580 oo
737 1515 773 1580 ia
793 1513 950 1581 Mauris
970 1512 1041 1578 areb
1061 1510 1169 1577 babuit
1220 1518 1280 1594 est,
1302 1529 1368 1575 non
1390 1509 1476 1593 qnod
1498 1510 1655 1578 habemus
1677 1532 1752 1579 eum
1774 1512 1878 1580 brutis
1896 1514 2093 1581 animalibus
2109 1534 2197 1582 oom-

190 1603 372 1686 rapoaitam,
400 1601 493 1668 donee
516 1622 551 1667 re
578 1601 653 1684 ipso
674 1599 864 1683 potofaomt
888 1597 971 1664 nibil
995 1617 1028 1664 se
1044 1597 1169 1678 frusta
1220 1616 1330 1679 mune,
1353 1596 1410 1662 sed
1432 1595 1520 1678 quod
1537 1597 1788 1683 partieipatione
1804 1598 1958 1683 imaginis
1975 1599 2038 1667 Dei
2058 1607 2204 1667 denatat·

190 1693 335 1756 matera
360 1688 567 1769 'l'empora
582 1685 824 1753 saeoularia
839 1684 893 1750 hie
904 1684 1061 1762 nominat,
1072 1682 1168 1750 siouti
1222 1680 1308 1762 Quia
1338 1691 1447 1748 autem
1476 1683 1510 1747 in
1540 1682 1602 1748 hoo
1630 1682 1753 1750 mundo
1782 1706 1850 1752 non
1878 1694 2014 1769 apparet
2044 1684 2122 1770 qnid
2143 1686 2199 1768 sit,

192 1773 238 1841 ad
265 1773 378 1839 uitam
407 1772 514 1854 eapite
536 1772 565 1852 l,
594 1783 784 1855 perpetuam
814 1790 974 1837 annorum
1003 1770 1120 1834 seriem
1149 1786 1170 1831 a
1221 1777 1280 1833 aut
1301 1766 1380 1851 quid
1397 1766 1506 1834 valeat
1525 1767 1601 1834 talis
1618 1770 1704 1834 vita:
1727 1771 1845 1837 merito
1866 1771 2071 1854 exprimendi
2101 1791 2202 1839 eausa

193 1857 318 1924 mundo
339 1857 479 1924 eondito.
506 1857 590 1922 Nam
613 1857 671 1922 illa
691 1856 843 1924 subtilior
863 1854 1049 1941 disputatio,
1072 1873 1168 1937 quam
1221 1852 1500 1919 immortalitatem
1533 1852 1668 1938 addidit,
1700 1865 1856 1938 quaeest
1887 1857 1958 1923 eius
1987 1857 2084 1938 vitae,
2113 1876 2198 1941 quae

193 1943 301 2028 agitat
322 1943 472 2027 pluribus
493 1944 574 2010 loeis
592 1942 810 2027 Augustinus,
832 1941 939 2007 aliena
955 1949 1007 2008 est
1023 1959 1044 2004 a
1061 1949 1170 2005 mente
1222 1959 1311 2004 nuno
1332 1937 1521 2006 absoondita
1542 1948 1601 2023 est,
1624 1940 1789 2008 revelatio.

194 2029 302 2096 Pauli.
357 2028 482 2096 Sensus
522 2047 600 2112 ergo
633 2036 700 2096 eet:
737 2039 913 2111 antequam
946 2029 987 2094 ab
1018 2025 1171 2092 omnibus
1309 2025 1360 2090 11.
1391 2024 1435 2090 Iu
1464 2024 1547 2108 quod
1571 2026 1710 2106 positas.
1765 2026 1840 2093 Non
1872 2028 1996 2096 trustra
2027 2033 2201 2113 tantopere

197 2125 287 2181 retro
307 2112 447 2181 saeoulis
467 2124 616 2198 tempora
636 2115 738 2181 fluem
759 2115 949 2197 ineipsrent.
988 2112 1093 2177 Porro
1115 2131 1172 2176 no·
1223 2130 1307 2177 evan
1331 2109 1432 2176 elium
1465 2132 1531 2177 una
1562 2130 1639 2176 enm
1673 2113 1856 2196 apostolatu
1890 2135 1950 2179 sno
1982 2114 2197 2183 sommendat.

195 2200 334 2267 tendum
362 2209 413 2266 est
441 2200 528 2284 quod
556 2200 671 2268 salutis
699 2199 949 2267 fundamentum
978 2201 1013 2262 in
1037 2195 1171 2264 Christo
1224 2195 1269 2262 Ni
1295 2195 1301 2209 '
1350 2199 1437 2262 enim
1466 2216 1570 2281 usque
1599 2195 1679 2264 adeo
1707 2197 1844 2265 molitur
1875 2197 1995 2279 Satan,
2029 2220 2128 2284 qnam
2161 2213 2200 2266 ut

192 2287 382 2353 oonstituit:
412 2306 519 2370 neque
547 2287 634 2352 enim
663 2297 758 2352 extra
779 2287 886 2369 ipsum
908 2284 976 2352 ulla
995 2292 1045 2349 ost
1066 2283 1171 2348 homi·
1224 2302 1323 2356 unae
1362 2281 1527 2349 doetrinae
1566 2280 1664 2348 fidem
1704 2303 1832 2368 quoquo
1869 2285 1965 2352 modo
2001 2305 2045 2351 ex
2080 2285 2202 2352 animis

195 2392 274 2437 num
304 2370 357 2438 vel
386 2371 526 2457 adoptio,
554 2371 609 2437 vel
637 2371 743 2437 salust
771 2369 1045 2454 quemadmodum
1073 2368 1172 2434 etiam
1224 2368 1346 2434 nostris
1375 2368 1589 2438 exterminet:
1619 2369 1696 2451 quia
1717 2390 1797 2436 vero
1826 2371 1888 2438 hoo
1917 2391 1980 2438 non
2003 2392 2132 2456 semper
2153 2371 2203 2438 illi

194 2457 238 2525 ad
260 2455 424 2540 Ephesios
444 2459 552 2540 eapite
574 2458 592 2522 1
615 2455 738 2524 dietum
760 2467 819 2522 eat.
1224 2461 1411 2537 promptum
1441 2462 1502 2536 est,
1530 2453 1559 2520 si
1587 2475 1648 2520 nos
1669 2453 1804 2522 invadat
1823 2463 1937 2539 aperto
1959 2466 2082 2523 martet
2110 2456 2202 2525 olan·

284 2544 334 2609 10.
359 2542 507 2609 Revelato
528 2551 633 2610 oratus
653 2561 744 2609 oum.
783 2541 932 2609 Observa
949 2550 986 2606 ut
1004 2548 1079 2623 apte
1095 2558 1173 2607 oon·
1226 2539 1365 2606 destinis
1393 2546 1426 2605 et
1453 2538 1592 2622 obliquis
1619 2539 1746 2607 artibus
1772 2562 1833 2608 noe
1854 2541 2010 2609 adoritur.
2054 2541 2141 2610 Nam
2163 2550 2203 2609 ut

196 2637 307 2696 neotat
328 2628 436 2709 fidem,
458 2649 557 2713 quam
579 2628 737 2695 habemus
759 2650 801 2693 ex
822 2629 1002 2712 evangelio.
1022 2645 1098 2693 oum
1121 2644 1173 2690 ar·
1225 2625 1323 2692 fidem
1354 2623 1489 2708 abroget
1510 2624 1685 2707 doetrinae,
1714 2627 1845 2710 piorum
1868 2627 2035 2696 dootorum
2058 2628 2202 2696 vostatio-

194 2734 280 2781 oana
294 2714 357 2780 Dei
380 2713 546 2795 eleotione,
568 2736 607 2782 ao
628 2734 723 2785 suum
745 2714 875 2796 utrique
891 2715 1000 2780 loeum
1019 2711 1172 2795 assignet.
1226 2730 1303 2776 nem
1324 2708 1506 2777 labeieotat.
1543 2711 1669 2777 Paulus
1691 2732 1770 2798 ergo
1792 2734 1891 2797 quum
1909 2722 2048 2782 mortem
2067 2714 2204 2782 haberet

195 2799 296 2873 Nune
317 2800 409 2867 Deus
437 2819 495 2883 per
523 2800 732 2885 evangelium
753 2819 814 2865 nos
837 2799 980 2868 voeavit:
1010 2819 1076 2865 non
1097 2797 1175 2881 quia
1226 2817 1305 2882 praa
1335 2795 1447 2876 oeulis,
1476 2817 1542 2862 non
1562 2797 1718 2882 ignorans
1740 2805 1871 2866 veteres
1891 2807 1925 2867 et
1947 2801 2083 2868 usitatas
2105 2801 2203 2868 Sata·

197 2885 406 2969 repentinum
436 2885 562 2968 deperit
589 2885 706 2953 salutis
735 2889 867 2958 nostrae
896 2883 1083 2962 eonsilium,
1116 2879 1174 2948 sed
1226 2902 1290 2949 nae
1319 2881 1465 2963 insidias,
1498 2890 1565 2949 tam
1599 2884 1761 2968 evangelii
1794 2885 1976 2952 doetrinam
2006 2887 2042 2952 in
2070 2907 2203 2972 genere,

196 2971 274 3055 qnia
291 2973 338 3037 sio
358 2972 399 3037 ab
418 2970 533 3035 ultima
546 2991 649 3056 nsque
660 2973 858 3037 aeternitate
872 2976 1041 3038 statuerat.
1077 2968 1175 3035 Nune
1226 2969 1543 3052 quam,vooationem
1562 2987 1652 3035 suam
1668 2990 1814 3038 asserere
1828 2972 1948 3038 voluit:
1966 2971 2062 3040 uenti
2078 2980 2205 3039 utrum·

196 3058 352 3142 apparuit
377 3056 533 3123 Obristus
565 3058 602 3122 in
635 3056 775 3123 salutem
808 3062 971 3140 nostram,
1005 3075 1071 3122 non
1099 3053 1176 3138 quia
1228 3075 1291 3137 que
1323 3062 1394 3120 erat
1426 3053 1657 3121 neeessariam.
1707 3054 1793 3122 Nam
1822 3067 1860 3123 ut
1887 3057 2004 3142 longae
2033 3058 2204 3127 eoneionos

198 3162 304 3227 nuper
336 3143 373 3207 in
402 3163 477 3208 eum
506 3140 657 3215 odiendi
687 3143 796 3208 virtus
823 3142 942 3208 oollata
971 3141 1086 3207 luerit:
1118 3139 1176 3205 sed
1227 3137 1413 3206 habeantur
1431 3139 1471 3205 de
1490 3140 1653 3224 evangelii
1673 3139 1844 3225 dignitate,
1866 3164 1932 3208 non
1950 3142 2091 3210 multum
2109 3143 2204 3212 nobis

196 3230 276 3312 quia
303 3238 380 3294 ante
405 3237 550 3295 ereetum
577 3226 738 3294 mnndum
760 3227 841 3295 haee
861 3228 970 3312 gratia
991 3227 1084 3294 nobis
1106 3232 1177 3292 erat
1229 3225 1417 3309 proderunt,
1433 3226 1497 3291 nisi
1512 3234 1682 3292 teneamus
1698 3228 1794 3311 quale
1808 3228 1853 3294 sit
1863 3228 2080 3314 evangelium.
2104 3229 2205 3296 Multi

196 3315 236 3381 in
266 3334 304 3392 eo
334 3315 484 3398 reposita
529 3314 653 3381 llarum
685 3334 798 3380 rerum
828 3314 972 3398 eognitio
999 3310 1176 3396 perfidem
1229 3312 1318 3377 enim
1344 3312 1550 3377 eonsentient
1568 3312 1603 3376 in
1624 3311 1712 3378 istud
1736 3315 1920 3382 universale
1942 3315 2141 3400 prineipium
2164 3316 2206 3382 da

198 3401 294 3469 niibis
333 3400 536 3499 revelatus·
568 3403 678 3485 Atque
712 3401 761 3467 ita
796 3399 975 3500 prudenter
1010 3397 1178 3498 coniungit
1229 3403 1321 3463 osrta
1351 3396 1513 3497 evangelii
1543 3398 1728 3480 autoritate,
1756 3400 1814 3481 qui
1842 3408 1957 3485 postea
1986 3408 2098 3501 tamen
2120 3401 2207 3470 nihil

197 3485 367 3654 tutu
388 3484 594 3654 luftu
611 3490 1178 3666 ttttsstttutttmtttt
1229 3482 1608 3668 iihliisoeiidbd
1622 3485 2205 3669 :uttfttdtttttbtttf

203 3653 270 3723 Sed
292 3656 464 3737 quaeritur
485 3676 527 3722 an
550 3661 661 3741 patres
683 3658 816 3723 latuerit
837 3659 900 3725 sub
922 3657 1004 3742 lege.
1045 3657 1130 3722 Nam
1151 3675 1179 3721 sr
1229 3675 1322 3721 mum
1344 3663 1531 3721 ministrum
1553 3655 1702 3724 vrvifioae
1724 3655 1813 3723 illius
1834 3656 2002 3724 doetrinae
2023 3658 2117 3726 ouius
2137 3679 2206 3726 me·

198 3739 327 3809 Christi
353 3739 484 3806 demum
506 3738 650 3810 adventu
673 3743 735 3808 init
755 3743 911 3821 revelata,
933 3743 1081 3826 sequitur
1103 3748 1180 3807 ante
1230 3740 1381 3807 minorat
1425 3741 1534 3824 Atque
1564 3740 1629 3808 huo
1650 3743 1791 3825 pertinet
1813 3743 1898 3827 quod
1921 3744 2021 3810 variis
2043 3743 2149 3813 titulis
2170 3766 2208 3811 se

198 3825 300 3895 luisse
316 3825 550 3893 absoonditam.
585 3826 792 3911 Respondeo,
809 3828 851 3894 de
867 3827 964 3911 plena
978 3827 1179 3894 exhibitione
1229 3836 1326 3894 ornat
1342 3826 1377 3892 in
1395 3845 1431 3892 re
1450 3846 1517 3891 nna
1534 3826 1755 3909 exprimenda.
1794 3828 2030 3896 Praeoonem
2052 3851 2088 3897 ee
2102 3840 2209 3910 rodat,

201 3912 252 3981 rei
272 3912 377 3996 ipsius
391 3909 533 3978 Paulum
555 3912 656 4013 loqui,
678 3933 699 3978 a
719 3932 788 3995 qua
808 3919 938 3997 patrum
955 3933 1084 3997 quoquo
1099 3911 1179 3979 fides
1229 3914 1323 3981 ouius
1350 3920 1462 3993 partes
1490 3923 1577 3994 sunt,
1606 3914 1789 3997 prinoipum
1820 3924 1854 3981 et
1875 3915 2127 4000 magistratuum
2148 3917 2203 3983 de

201 3997 380 4084 pendebat:
415 3996 464 4065 ita
499 3996 584 4064 nibal
619 3998 699 4083 ipsis
734 3998 919 4082 derogatur.
973 3997 1053 4064 Ideo
1089 3998 1178 4064 enim
1230 4006 1320 4066 orata
1349 3994 1526 4082 publioare.
1582 3997 1768 4082 Apostoli
1795 4019 1914 4069 nomen
1949 4003 2118 4152 proprium
2148 4011 2209 4070 est.

201 4083 297 4164 Abel,
324 4083 432 4166 Noha,
454 4083 632 4165 Abraham,
653 4084 773 4166 Moses,
795 4082 916 4168 David,
946 4091 979 4150 et
999 4084 1045 4167 pii
1066 4104 1179 4150 omnes
1231 4084 1333 4149 Porro
1350 4081 1429 4165 quia
1445 4081 1532 4150 inter
1554 4082 1751 4153 duetorem
1772 4093 1807 4153 et
1824 4085 1948 4170 disoipu
1961 4108 1997 4154 os
2014 4097 2064 4154 est
2082 4088 2208 4171 relatio,

201 4189 304 4236 unam
330 4170 498 4239 nobiseum
521 4169 661 4237 salutem
682 4169 792 4254 adepti
814 4179 902 4247 sunt,
929 4170 1006 4254 quia
1026 4168 1179 4236 fidutiam
1231 4170 1294 4236 boo
1315 4189 1443 4253 qnoque
1465 4169 1598 4236 tertium
1620 4191 1741 4238 nomen
1762 4173 1825 4241 sibi
1847 4172 2013 4254 adsoribit,
2043 4183 2081 4239 nt
2101 4174 2207 4240 seiant

202 4255 355 4322 loaarunt
375 4256 410 4321 in
432 4253 494 4323 hao
516 4256 727 4339 apparitione.
753 4256 828 4323 Non
850 4255 963 4339 igitur,
986 4254 1064 4321 dum
1087 4253 1180 4320 nobis
1231 4257 1287 4339 qui
1317 4255 1358 4320 ab
1387 4273 1426 4321 eo
1454 4253 1594 4336 diseunt,
1624 4255 1743 4323 habere
1765 4278 1800 4324 se
1833 4259 2027 4342 magistrum
2049 4258 2208 4327 divinitus

202 4338 384 4409 revelatam
419 4362 492 4408 esse
524 4341 652 4408 (lhristi
684 4341 886 4426 apparitione
917 4342 1058 4426 gratiam
1092 4340 1179 4419 dioit,
1231 4341 1291 4409 sibi
1329 4339 1526 4408 ordinatum.
1581 4340 1709 4422 Quibus
1744 4352 1855 4410 autem
1891 4365 1927 4410 se
1959 4345 2102 4429 positum
2136 4365 2209 4414 essa

227 4429 316 4492 atres
338 4432 428 4494 areat
449 4426 491 4493 ab
512 4427 583 4494 eius
604 4428 841 4508 eommunione,
864 4447 945 4511 quos
966 4426 1081 4495 eadem
1098 4426 1181 4493 fides
1232 4424 1395 4494 testatur?
1428 4426 1589 4512 gentibus.
1640 4427 1726 4495 Nam
1760 4428 1801 4494 de
1832 4429 1898 4496 illis
1931 4431 2108 4514 praeeipua
2137 4437 2210 4501 orat

194 4447 306 4665 ‚hffl
319 4511 1004 4666 apparitizrzishngbisoumdpartieipeetgaoit.
1027 4513 1181 4665 (ghristus
1231 4511 1470 4664 wntrhvhrlihi:
1494 4511 2212 4667 qqqdalidehihhmhhihiimfilpmmffl

202 4618 224 4664 e
345 4618 469 4666 errare
602 4620 713 4667 rezse
764 4620 900 4665 nonan
980 4619 1182 4665 raexnma
1233 4619 1334 4665 nesa
1460 4620 1564 4678 ,naar
1760 4620 1796 4666 es
1934 4621 1973 4666 ae
2030 4623 2087 4680 ros,
2194 4638 2210 4654 ·

203 4692 300 4768 patre
337 4690 476 4769 tempus,
513 4704 614 4768 quum
646 4695 751 4753 morte
783 4695 818 4752 et
849 4621 1089 4752 resurrgotione
1122 4705 1182 4751 sua
1235 4705 1322 4751 nere.
1359 4684 1512 4767 Ergone
1535 4685 1868 4771 dubiasitgentium
1887 4685 1986 4768 salus,
2008 4611 2212 4755 affirmapetrss

206 4767 302 4837 nobis
322 4788 359 4836 se
380 4768 542 4836 exhibuit.
567 4770 669 4855 Atqui
690 4769 756 4838 huo
777 4772 1004 4852 oommuniter,
1027 4778 1180 4855 tanquam
1234 4770 1275 4837 ad
1297 4790 1352 4836 eas
1374 4769 1581 4854 peouliariter
1602 4791 1622 4836 a
1643 4769 1715 4837 Deo
1737 4771 1835 4839 inisse
1857 4772 2003 4840 missum.

205 4854 241 4919 in
274 4854 407 4921 unioum
439 4855 555 4923 salutis
586 4857 705 4941 pignus
733 4864 767 4922 et
793 4856 1080 4940 eomplementum,
1113 4859 1181 4922 tam
1322 4855 1371 4922 12.
1398 4855 1509 4952 Quou
1527 4856 1621 4922 otiam
1649 4857 1685 4923 ob
1715 4877 1844 4924 ooosom
1864 4857 1937 4925 boae
1952 4858 2071 4940 potior.
2116 4856 2210 4926 Satis

208 4947 322 5005 nostra
343 4959 442 5024 quam
465 4949 597 5026 patrum
618 4942 752 5027 raspioit
770 4941 861 5009 fides.
1235 4950 1349 5008 notum
1381 4952 1441 5024 est,
1477 4940 1555 5008 brne
1586 4943 1692 5026 magis
1724 4962 1823 5028 quam
1856 4944 1924 5009 ulla
1953 4944 2017 5010 alia
2044 4943 2084 5009 de
2113 4964 2212 5013 eausa

296 5025 360 5108 Qas'
388 5031 515 5094 mortes
543 5026 668 5110 quidem
696 5027 835 5098 abolooit
879 5027 989 5109 Quum
1012 5027 1183 5112 evangelio
1234 5029 1334 5094 luisse
1362 5046 1531 5094 aooensam
1559 5025 1758 5094 Iudaeorum
1787 5028 1910 5096 rabiem
1940 5028 2096 5097 adversus
2121 5030 2211 5099 Pau·

205 5108 364 5177 adsoribit
380 5113 469 5180 vitae
489 5112 753 5199 illustrationem,
775 5134 842 5180 non
859 5113 1056 5199 intelligite
1083 5113 1184 5180 verbo
1234 5115 1315 5195 lum,
1348 5112 1434 5197 quod
1465 5113 1672 5197 evangelium
1702 5114 1854 5199 gentibus
1883 5135 2051 5181 eommune
2080 5117 2213 5185 lauerat.

206 5196 393 5300 {adiendum
422 5219 495 5266 essa
522 5198 704 5280 exordium,
732 5200 856 5300 omissa
875 5199 1002 5302 Christi
1024 5207 1130 5300 morte
1152 5207 1185 5266 et
1236 5199 1441 5284 Quamquam
1463 5198 1633 5300 partieuls,
1654 5200 1695 5267 ob
1736 5220 1812 5266 nam
1827 5221 1968 5283 oausam,
1989 5201 2090 5269 refert
2104 5211 2213 5270 totum

207 5283 576 5458 tuttdudttt
593 5286 984 5460 ultusultus
1004 5288 1185 5441 {iiiiii
1234 5286 1462 5458 tmtltttt
1484 5284 1730 5460 {latusim
1746 5290 2217 5461 tufflddrttttt

311 5488 533 5564 onmem
560 5489 708 5548 νοιιιι.
1960 5493 1995 5548 aa
