4762 6016
187 360 230 425 53
1072 360 1223 429 CAPUT
1246 361 1309 429 111.
2150 371 2196 439 et

276 552 325 619 15.
366 553 547 637 Quicunque
579 552 710 638 perfecti
744 572 864 623 sumus.
924 554 975 620 Ne
1012 556 1083 639 quis
1120 555 1161 623 de
1212 557 1414 625 conscientia
1449 557 1559 624 Deum
1588 566 1766 642 quaerere,
1804 560 1888 627 nihil
1926 583 2081 648 arrogare
2116 564 2193 647 etti,

188 637 290 722 vulgo
312 637 485 737 bominum
508 640 571 706 boo
594 637 714 705 dictum
737 641 907 723 acciperet,
937 642 1031 723 qnaei
1053 642 1162 725 pueris
1213 642 1338 726 placide
1371 643 1529 710 subiicere
1556 665 1653 710 suum
1681 665 1814 712 sensnm
1844 645 1987 716 Obristo.
2038 649 2126 716 Nam
2153 656 2191 718 in

187 725 222 791 in
253 723 387 792 cbristo
421 725 652 808 praescriberet
685 725 889 792 rudimenta:
923 733 1064 792 testatur
1091 748 1162 795 esse
1213 728 1309 794 Pauli
1338 729 1519 796 imitatione
1546 732 1759 798 eontinentur
1787 752 1902 799 omnes
1933 732 2007 800 illae
2030 734 2191 803 virtutesz

186 811 348 896 regulam,
371 830 468 894 quam
491 832 605 877 omnes
627 811 763 895 perfecti
786 818 897 878 tenere
918 810 1066 878 debeant
1100 813 1163 881 liet
1213 821 1322 881 rectus
1343 815 1442 895 zelus,
1463 815 1562 882 timor
1584 814 1719 896 domini,
1742 816 1910 898 modestia,
1933 820 1985 885 ani
2006 816 2190 905 abnegatio,

186 905 298 963 antmn
319 896 397 963 haec
417 895 541 1046 tepula,
562 894 774 963 abdicandam
793 917 902 963 rerum
920 897 1067 963 omnium
1081 898 1163 965 fidn-
1214 899 1376 980 docilitas,¹
1393 921 1484 967 amor
1506 910 1540 967 et
1557 901 1701 968 studium
1719 903 1917 970 concordiae.
1955 903 2065 971 Simul
2080 917 2191 973 autem

184 982 281 1062 eiam,
307 991 344 1047 ιιι
365 983 398 1046 in
422 1003 491 1048 eoa
513 981 639 1049 Christi
661 982 786 1048 institia
807 982 993 1068 gloriemur,
1017 990 1051 1050 et
1073 995 1161 1069 post·
1213 984 1305 1051 iubet
1325 1006 1395 1052 esse
1420 987 1602 1055 imitatores
1630 988 1690 1068 eui,
1720 987 1782 1055 hoo
1810 1001 1869 1066 est,
1892 1011 2006 1061 ornnes
2028 1010 2096 1057 uno
2117 1012 2194 1060 oon·

185 1065 308 1135 habitis
337 1068 499 1153 omnibus,
532 1067 737 1152 adspiremus
765 1066 807 1134 ad
835 1068 1162 1136 communicationem
1213 1090 1312 1137 sensu
1341 1081 1374 1138 et
1395 1093 1462 1138 nna
1484 1082 1604 1140 mente.
1648 1074 1734 1139 Nota
1755 1082 1875 1141 metm
1898 1075 2120 1160 perfeetionis,
2150 1078 2192 1144 ad

186 1156 374 1238 passionum
397 1153 477 1235 eius,
498 1173 581 1238 quas
603 1174 662 1220 nos
681 1152 725 1219 ad
744 1152 872 1220 beatam
890 1156 1162 1222 resurrectionem
1213 1176 1310 1239 quam
1345 1156 1573 1241 Philippenses
1606 1159 1726 1226 inritat
1758 1180 1819 1226 suo
1851 1161 2020 1246 exemplo,
2051 1182 2121 1230 esse
2155 1171 2192 1229 ut

187 1238 295 1307 ducat.
335 1238 400 1306 Ubi
422 1259 511 1307 nunc
533 1239 597 1306 erit
618 1246 725 1307 status
746 1240 963 1324 perfeetionis,
985 1261 1081 1324 quem
1104 1243 1162 1307 fin·
1213 1242 1300 1307 idem
1323 1242 1469 1308 sentiant
1491 1252 1524 1309 et
1545 1244 1658 1310 eadem
1681 1244 1934 1330 progrediantur
1956 1246 2079 1330 regula.
2098 1308 2102 1321 ,
2122 1245 2192 1317 Sed

186 1333 272 1410 gunt
297 1323 473 1391 monachii
502 1325 559 1392 nbi
580 1325 644 1396 erit
665 1325 799 1393 confusa
821 1326 953 1411 iat-rago
975 1330 1024 1392 tot
1044 1327 1161 1392 inven-
1214 1329 1419 1411 anteposuit
1438 1328 1620 1396 doctrinam
1641 1331 1675 1396 in
1694 1350 1757 1414 qua
1774 1333 1961 1399 consentire
1983 1343 2016 1398 et
2041 1333 2190 1417 regulam

186 1409 336 1485 nonum?
372 1409 439 1477 Ubi
461 1410 601 1494 denique
622 1419 711 1477 totus
727 1417 877 1495 papatus,
899 1411 955 1495 qui
974 1411 1056 1478 nihil
1072 1410 1161 1479 aliud
1214 1412 1256 1478 ad
1280 1433 1377 1497 qnam
1399 1435 1434 1479 se
1457 1415 1597 1481 formare
1619 1415 1768 1484 debeant.

187 1505 238 1562 eat
259 1515 356 1581 quam
378 1495 574 1581 imaginaria
593 1497 759 1580 persentio,
781 1516 865 1579 quae
883 1496 967 1563 nibil
988 1517 1162 1565 commune
1301 1499 1352 1563 17.
1376 1497 1574 1567 Gomidercte
1600 1521 1661 1568 eoa.
1705 1502 1778 1568 Hoo
1800 1502 1901 1570 verbo
1923 1504 2097 1588 signifieat,
2128 1504 2190 1571 sibi

186 1581 286 1648 babet
307 1602 381 1648 oum
404 1582 466 1647 bae
483 1582 581 1649 Pauli
604 1581 741 1668 regula?
778 1581 877 1649 Certe
899 1583 953 1667 qni
976 1604 1077 1649 unum
1100 1582 1162 1650 hoc
1213 1583 1349 1666 perinde
1371 1605 1442 1652 esse
1461 1606 1542 1669 quos
1559 1587 1621 1654 sibi
1640 1587 1787 1671 deligant
1804 1588 1845 1654 ad
1865 1589 2072 1673 imitandum,
2093 1589 2192 1656 modo

188 1667 323 1734 verbnm
342 1666 552 1747 intellexerit,
575 1667 662 1734 olars
679 1677 837 1752 agnoscet
855 1669 973 1736 foetida
991 1690 1061 1735 esse
1081 1678 1162 1736 ster·
1213 1688 1249 1735 se
1278 1670 1420 1737 forment
1446 1672 1487 1737 ad
1516 1671 1607 1737 illam
1635 1674 1811 1755 puritatem
1835 1675 1926 1742 cuins
1947 1677 2019 1759 ipss
2040 1685 2112 1742 erat
2134 1696 2192 1740 ex-

186 1774 271 1830 sere
301 1773 513 1837 quaeeunque
542 1753 583 1820 de
608 1754 733 1837 institia
754 1765 788 1820 et
809 1754 914 1821 salute
934 1755 1162 1839 consequenda
1214 1755 1349 1839 emplar.
1391 1756 1458 1838 Quo
1478 1757 1713 1826 tollitmomuis
1729 1759 2072 1844 auctorisatam,
2094 1759 2193 1826 socios

185 1840 343 1909 docentur
363 1839 398 1905 in
420 1850 552 1924 papatu.
1213 1841 1296 1906 enim
1327 1842 1453 1927 rescipit,
1482 1844 1627 1926 quisquis
1655 1845 1719 1912 eibi
1747 1845 1892 1913 addictus
1920 1851 1974 1913 est.
2022 1847 2066 1911 llt
2093 1845 2193 1911 simul

274 1925 312 1992 st
326 1925 403 2008 estc
416 1925 518 1992 aliter.
556 1925 681 1991 Eadem
695 1945 794 2010 opere
815 1932 850 1993 st
869 1945 924 1992 eos
946 1924 1107 2007 humiliet,
1129 1933 1163 1993 et
1214 1927 1385 2006 admonet,
1424 1949 1489 1994 non
1526 1948 1598 1995 esse
1633 1950 1748 1997 omnes
1779 1932 1963 2014 promiscue
1995 1929 2192 1997 imitandosr

185 2013 223 2078 in
252 2011 371 2076 bonam
395 2031 487 2095 spem
509 2009 640 2078 attollit
685 2011 849 2078 Admonet
871 2011 958 2076 enim
982 2033 1025 2077 ne
1047 2012 1083 2077 in
1102 2033 1162 2078 sua
1213 2012 1487 2096 quemadmodum
1509 2014 1630 2082 clarius
1651 2016 1831 2101 subiungit

185 2097 374 2182 ignorantia
406 2098 612 2181 superbiant:
645 2104 679 2163 et
709 2104 817 2163 tamen
851 2097 943 2164 iubet
975 2119 1046 2164 esse
1075 2098 1161 2164 bono

186 2184 437 2338 ttrtlttt
452 2183 540 2335 llll
559 2183 1161 2351 tittttttttttttl‘lttt
1213 2183 1485 2337 eadwi
1512 2186 1606 2338 iii
1622 2185 1794 2352 itit
1811 2185 2191 2341 ‘utttlttt

187 2359 232 2423 tis
260 2356 451 2439 pervicacia.
505 2354 599 2420 Haeo
626 2354 728 2439 igitur
756 2356 881 2438 optima
900 2354 940 2420 ad
963 2354 1161 2421 docilitatem
1215 2319 1350 2422 eluit.-
1404 2357 1454 2423 19.
1488 2377 1621 2440 quorum
1650 2358 1727 2439 pets
1752 2323 1908 2441 pe’rditio,
1948 2378 2082 2440 comum
2113 2358 2192 2423 derso

186 2443 402 2525 praeparatio,
425 2442 454 2507 si
474 2461 540 2507 non
562 2440 727 2524 placemus
748 2442 842 2508 nobis
863 2441 899 2505 in
920 2461 1040 2508 errore.
1083 2440 1162 2507 Ideo
1213 2446 1319 2507 osmer
1344 2448 1399 2526 eet,
1429 2447 1458 2508 ct
1485 2443 1590 2526 clorio
1618 2444 1654 2508 ιἰι
1679 2443 1859 2526 confusione
1885 2443 2039 2530 ipsorum)
2067 2447 2192 2510 cereo

186 2528 289 2595 tacite
304 2527 429 2594 Paulus
451 2526 583 2606 indicat,
606 2525 747 2592 dandum
770 2549 841 2594 esse
863 2527 968 2593 locum
988 2525 1052 2593 Dei
1070 2548 1162 2594 rese·
1213 2527 1389 2611 epinicea.
1438 2528 1490 2594 20.
1522 2528 1643 2595 Nostra
1675 2534 1779 2596 cutem
1811 2531 1999 2597 maceratio
2031 2530 2068 2595 itt
2099 2528 2193 2596 coelis

186 2613 313 2696 lationi,
334 2613 364 2680 ai
382 2611 528 2678 nondum
545 2613 712 2694 assequuti
730 2633 844 2679 snmus
862 2611 948 2695 qnod
964 2611 1161 2695 quaerimus.
1214 2618 1267 2693 est,
1289 2632 1327 2679 ec
1343 2613 1457 2694 cudae
1474 2614 1568 2680 etiem
1584 2613 1771 2682 revocem
1785 2620 2008 2696 ammiras,
2029 2615 2193 2683 dominura

187 2697 235 2767 Et
263 2718 364 2783 quum
394 2698 557 2784 gredatim
586 2697 820 2782 proficiendnm
851 2697 954 2779 docet,
984 2697 1162 2765 additillis
1215 2699 1322 2765 Iesum
1334 2697 1505 2767 Christum:
1528 2699 1580 2765 21.
1600 2700 1657 2783 qui
1674 2701 2194 2783 tremsormobdwtpueuostmm

186 2784 346 2862 animum,
374 2804 417 2851 ne
445 2782 598 2851 deficiant
618 2783 654 2849 in
675 2804 772 2851 cursu
795 2783 910 2850 medio.
955 2782 1162 2867 Quamquam
1213 2783 1338 2869 humile
1361 2790 1396 2850 ut
1417 2787 1460 2851 sit
1475 2785 1631 2868 conforme
1646 2787 1769 2868 corpori
1785 2806 1843 2853 crte
1875 2787 1999 2866 loricae,
2020 2787 2193 2855 emendum

187 2870 286 2937 simul
317 2879 413 2936 extra
440 2871 696 2936 controversiam
725 2869 809 2955 quod
840 2869 1004 2948 docuerat,
1035 2872 1162 2954 assent,
1212 2871 1394 2953 efficacium,
1416 2891 1479 2954 quc
1496 2876 1596 2954 potest
1615 2873 1709 2938 etiem
1728 2871 1829 2938 sete
1876 2874 1962 2940 'icere
1982 2874 2097 2939 orario

189 2956 268 3024 dum
290 2955 373 3035 aliis,
402 2955 458 3040 qni
481 2976 500 3021 a
522 2975 557 3021 se
580 2955 786 3037 dissentiunt,
809 2955 989 3021 revelatum
1011 2955 1053 3022 iri
1075 2955 1162 3039 qnod

186 3041 297 3110 adbuc
325 3042 485 3119 nesciunt,
516 3042 619 3108 docet.
663 3041 806 3108 Perinde
835 3041 923 3107 enim
953 3041 986 3106 id
1010 3040 1098 3107 valet
1124 3061 1163 3108 ae
1302 3042 1353 3108 18.
1383 3040 1483 3107 Metti
1515 3042 1605 3109 euim.
1656 3042 1726 3108 Ista
1758 3052 1809 3110 est
1839 3043 2017 3126 propositio
2049 3041 2191 3125 simplex

187 3126 392 3196 sidixisset:
421 3126 526 3195 Vobis
548 3126 724 3212 aliqnando
746 3126 894 3194 ostendet
916 3126 1079 3194 Dominus
1100 3127 1162 3194 boc
1214 3127 1300 3214 (meo
1317 3125 1446 3212 quidem
1462 3127 1603 3213 iudicio).
1634 3127 1734 3194 Multi
1757 3129 1927 3195 ambulant
1948 3135 2081 3194 terrena
2102 3126 2191 3210 cogi·

186 3212 604 3385 tttmbtltlttttt
624 3212 1162 3383 cotrarietatem
1213 3212 1772 3384 tttrtltttlltttttt
1789 3210 2043 3366 “turbt
2055 3219 2194 3365 tritt

600 3347 609 3364 .
1153 3346 1161 3379 ,
1767 3346 1776 3364 .

188 3387 253 3454 nisi
274 3386 327 3454 cui
349 3394 440 3453 certe
460 3393 590 3453 constat
605 3406 684 3453 suas
701 3385 868 3453 doctrinae
883 3384 965 3451 ratio
980 3393 1012 3451 et
1027 3384 1161 3452 veritas.
1213 3383 1326 3467 cudae
1347 3383 1424 3450 telos
1440 3383 1579 3452 discerni
1593 3390 1716 3468 mut,
1737 3405 1819 3469 quos
1834 3405 1891 3453 etto
1908 3385 1972 3454 loco
1990 3385 2191 3453 neem

188 3471 322 3539 Interea
354 3473 450 3539 etiam
484 3469 646 3540 diseamus
677 3492 718 3538 ex
751 3472 815 3537 hoo
841 3471 928 3549 loco,
959 3468 1162 3537 tolerandum
1214 3469 1357 3552 Quidam
1389 3490 1447 3553 per
1477 3469 1646 3537 terrestria
1685 3470 1877 3556 intelligunt
1904 3471 2125 3538 caeremonias
2157 3472 2193 3536 et

188 3579 261 3625 ease
289 3557 332 3625 ad
361 3564 491 3641 tempus
518 3559 739 3643 ignorantiam
768 3559 805 3623 in
834 3556 991 3624 fratribus
1013 3555 1161 3634 infirmis,
1213 3565 1351 3622 externa
1372 3555 1486 3621 mnndi
1509 3554 1680 3636 elementa,
1706 3577 1789 3640 quae
1810 3555 2008 3626 oblivionem
2030 3555 2193 3622 inducunt

187 3652 235 3711 et·
249 3643 485 3729 ignoscendum
513 3663 585 3711 esse
611 3643 640 3711 si
665 3664 733 3709 non
754 3644 867 3710 statim
889 3642 954 3708 illia
974 3640 1088 3709 datum
1109 3642 1162 3721 sit,
1214 3662 1312 3708 veras
1341 3640 1478 3726 pietatis.
1520 3640 1588 3709 Sed
1618 3661 1678 3726 ego
1707 3642 1748 3708 nd
1777 3640 1944 3710 carnalem
1966 3642 2121 3717 affectum
2143 3661 2193 3707 re·

188 3728 322 3814 penitus
348 3730 444 3796 nobis
472 3729 686 3798 subscribere.
730 3727 850 3796 Oertns
878 3736 950 3794 erat
971 3727 1096 3794 Paulus
1122 3726 1163 3792 de
1214 3728 1299 3794 terre
1328 3727 1428 3793 melo:
1458 3724 1544 3811 quod
1571 3726 1697 3794 scilicet
1718 3728 1781 3795 Dei
1809 3728 1926 3794 siritu
1953 3748 2018 3795 non
2051 3724 2193 3811 regeniti

187 3834 252 3883 sna
278 3814 443 3882 doctrinar
471 3823 505 3882 et
534 3826 642 3880 tamen
666 3815 725 3966 gni
747 3814 894 3881 nondum
916 3821 1069 3898 poterant
1090 3832 1162 3879 eam
1215 3812 1300 3880 nihil
1335 3813 1397 3880 nisi
1430 3811 1587 3879 mundum
1619 3813 1758 3897 sapiant.
1931 3833 1970 3880 ee
1996 3811 2194 3896 ιεᾳιωιιιῶιιε

189 3902 345 4003 resipere,
370 3901 412 3968 iis
431 3899 489 3967 dat
510 3900 663 3984 prodoien
688 3901 698 3967 i
721 3899 880 3984 spatium:
911 3918 971 3966 nec
992 3906 1164 3984 propterea
1214 3899 1337 3968 claritas
1365 3896 1498 4000 patebit
1551 3897 1638 3965 Num
1672 3898 1830 3966 iuvidiam
1864 3898 1937 3967 binc
1968 3898 2035 3966 sata
2066 3900 2194 3997 ωιιιιαξ,

189 3985 311 4055 ὼιιιιιι
331 3987 471 4054 fratrum
492 3984 564 4054 loco
586 4007 643 4054 eos
664 3986 794 4053 habere.
839 3986 981 4052 Tantum
1002 3994 1098 4051 cavet
1120 4004 1163 4050 ne
1213 3985 1298 4068 ‚quod
1328 4004 1382 4051 aur
1412 3988 1533 4052 unam
1563 3983 1701 4066 bonores,
1733 3989 1790 4053 otu
1821 3990 1851 4052 ct
1885 3987 2033 4068 wedre
2071 3981 2194 4065 optet,

189 4071 254 4141 sibi
288 4072 326 4138 in
359 4090 470 4139 errore
506 4071 728 4139 blandiantur.
782 4069 880 4154 Quod
911 4069 1006 4136 latini
1038 4069 1164 4138 codices
1215 4069 1359 4138 ectetas
1379 4069 1625 4152 acdificutiortem
1645 4071 1729 4156 περὶ·
1749 4077 1844 4138 eres.

190 4156 316 4226 babent
343 4157 514 4241 revelarit,
545 4157 580 4223 in
609 4156 801 4242 praeterito:
834 4163 988 4242 tanquam
1017 4157 1164 4239 ineptum
1305 4156 1388 4237 Quos
1415 4175 1510 4237 coepe
1536 4154 1682 4224 dudem.
1758 4155 1883 4225 stendit
1911 4175 2009 4243 qnam
2039 4175 2105 4221 non
2134 4150 2194 4219 abs

185 4249 226 4310 et
245 4243 381 4311 minime
402 4250 658 4311 consentenenm
679 4242 962 4344 sinediifiunltate
984 4242 1104 4342 rsiieio3
1217 4263 1252 4309 re
1274 4243 1403 4340 saepius
1425 4241 1589 4308 monuerit
1606 4241 1847 4344 Philippenses,
1869 4244 1946 4328 qnia
1966 4260 2055 4341 nuno
2078 4236 2193 4306 eadem

187 4328 329 4481 ,rit
353 4328 861 4515 marmerei
885 4325 1166 4515 ,ιιιιιιὲ
1216 4327 2195 4514 reiterationem

191 4497 330 4568 busdam
358 4501 444 4568 dnae
471 4508 549 4568 sunt
577 4504 725 4586 integm
752 4507 944 4567 memnone.
991 4497 1030 4564 81
1060 4519 1113 4566 rna
1217 4519 1283 4566 non
1301 4496 1521 4566 aemulatione
1534 4498 1588 4565 rel
1605 4495 1680 4565 odio
1694 4498 1875 4579 bominum,
1895 4518 1962 4565 non
1976 4493 2196 4563 mnlsdroendr

213 4584 320 4654 laceat
340 4583 467 4668 uude,
492 4606 608 4655 sensns
629 4585 693 4654 erit
713 4604 810 4670 quern
831 4585 992 4653 llrasrnne
1013 4582 1105 4652 reddi
1129 4585 1164 4650 it
1216 4582 1406 4671 eupiditate,
1435 4604 1501 4651 non
1526 4585 1649 4671 ingenii
1670 4584 1857 4669 petulantie
1878 4603 1954 4650 enm
1971 4579 2107 4666 impelli,
2135 4578 2195 4653 ted

289 4669 454 4740 diversum
475 4669 649 4740 lectionem
665 4671 771 4758 mame
787 4671 982 4756 amplectere
1004 4678 1042 4738 ut
1059 4671 1166 4737 borte-
1217 4672 1271 4756 pio
1287 4668 1374 4738 nelo:
1392 4671 1471 4754 qnia
1488 4667 1598 4738 rideat
1614 4670 1732 4738 misere
1748 4670 1919 4739 ecelesiam
1938 4666 2032 4755 perdi
2049 4666 2092 4733 ab
2109 4666 2195 4734 eius-

191 4765 249 4825 tnr
268 4755 394 4825 Paulus
415 4756 456 4825 ad
477 4757 695 4825 imitationem
716 4757 777 4839 rui,
806 4765 845 4825 nt
865 4756 998 4824 tandem
1020 4754 1063 4822 ad
1085 4775 1164 4823 eun·
1217 4755 1305 4823 modi
1335 4754 1490 4840 pestibus
1530 4754 1585 4823 Ita
1614 4755 1738 4824 seilicet
1766 4775 1826 4822 nos
1852 4753 1940 4823 altini
1960 4751 2127 4835 convenit,
2155 4759 2194 4817 nt

189 4842 267 4911 dem
294 4862 430 4929 scopum
459 4844 671 4929 perveniant:
701 4863 818 4929 nempe
843 4851 882 4910 ut
901 4841 989 4910 idem
1011 4841 1165 4927 sentiant,
1210 4841 1296 4913 ,dum
1336 4841 1499 4909 cernimus
1537 4841 1578 4908 ab
1614 4841 1769 4926 improbis
1805 4848 1839 4908 et
1874 4840 1970 4908 nihili
2006 4836 2195 4907 bominibus

187 4937 227 4996 'et
241 4927 362 4996 eadem
383 4929 563 5014 procedent
580 4928 703 5014 regule
741 4927 826 4997 Nam
843 4928 900 4996 nbi
917 4929 1007 5012 viget
1021 4926 1167 4996 nnoerm
1218 4937 1385 5012 pastorum
1428 4928 1536 4994 locum
1573 4927 1738 5012 occupari,
1763 4947 1954 5027 ‚gemamus
1998 4934 2036 5026 et
2075 4921 2199 4990 saltem

186 5013 340 5096 affectus,
368 5015 476 5100 qualis
503 5016 539 5081 in
567 5013 673 5083 Paulo
785 5015 870 5099 abet,
897 5015 1002 5081 iacilis
1031 5022 1083 5080 est
1113 5014 1168 5080 via
1218 5014 1372 5098 lacrymis
1390 5020 1560 5097 testemur,
1581 5033 1641 5089 nos
1657 5012 1812 5081 οωΙοιιιιιι
1830 5012 2008 5080 edomitae
2025 5007 2197 5090 condolea-

187 5099 247 5166 ad·
264 5103 414 5168 eandam
440 5102 594 5186 piamque
618 5033 833 5169 eneeffim.
877 5100 967 5183 Quia
985 5121 1065 5186 ergo
1086 5119 1166 5166 non·
1218 5119 1300 5166 cere.
1344 5098 1640 5184 operaepretium
1669 5099 1776 5165 etiam-
1798 5112 1849 5167 est
1877 5107 1993 5166 notare
2013 5094 2054 5166 de
2075 5091 2196 5196 quibus

187 5183 272 5254 dnm
296 5195 524 5272 perceperant
541 5205 626 5270 qnae
652 5193 741 5254 meet
760 5207 840 5253 vera
868 5187 1031 5270 perfectio,
1062 5191 1102 5252 nt
1127 5205 1166 5253 eo
1219 5189 1297 5270 agat
1317 5185 1457 5257 Paulus:
1475 5204 1554 5257 ¹non
1583 5184 1773 5270 conpertis
1800 5184 1925 5255 scilieet
1946 5181 2110 5264 hostibus,
2135 5201 2195 5265 qur

184 5273 415 5356 wrenirsnt,
444 5272 517 5341 rult
544 5292 619 5340 esee
637 5271 819 5339 imitatores
840 5271 900 5349 sui,
930 5283 991 5341 troo
1013 5281 1063 5341 eat
1083 5290 1167 5356 pura
1219 5292 1260 5338 ex
1293 5271 1437 5355 professo
1470 5269 1651 5337 doctrinam
1683 5290 1830 5340 eversam
1860 5275 2033 5357 cuperent:
2049 5267 2124 5343 ¹sed
2152 5264 2198 5343 de

1946 5386 1981 5444 41
