4740 6016
115 382 183 458 215,
398 393 402 399 '
807 384 953 454 EPIST.
976 385 1121 455 PAULI
1142 384 1205 451 AD
1226 380 1460 450 EPHESIOS
2070 380 2139 447 216

117 599 243 656 omues,
272 582 307 644 et
328 582 534 663 scortatores,
563 579 763 663 etimpnros
786 600 965 646 enumero
994 590 1028 646 et
1048 600 1100 646 so·
1154 589 1192 645 nt
1213 579 1324 646 Deum
1351 579 1516 662 abnegent
1537 577 1630 643 avari
1660 595 1784 656 omnes,
1811 577 1947 659 eiusque
1972 575 2045 642 loeo
2072 576 2137 643 sibi

117 666 240 732 eistete
273 675 462 732 sanctorum
496 665 612 732 reiicit.
656 666 776 733 Tribus
812 666 877 733 illis
913 665 1005 732 addit
1036 665 1101 732 alis
1155 665 1288 732 divitias
1315 665 1535 730 assumant:
1567 675 1633 728 tam
1660 681 1757 730 caeos
1782 672 1833 730 est
1860 663 1968 728 rabies
1996 664 2137 729 miserae

111 751 201 815 ‚tria2
225 751 597 835 turpitudinem,
619 771 684 834 qno
700 752 834 818 nomine
848 752 995 836 intelligo
1008 751 1102 836 quid·
1154 751 1244 816 illins
1265 749 1467 833 cupiditatis.
1510 747 1579 816 Sed
1601 770 1660 816 cur
1682 749 1791 832 potius
1814 748 1875 814 boo
1895 747 2055 814 avaritias
2075 750 2136 815 tri·

119 836 200 919 quid
233 837 422 905 indecorum
456 846 522 918 est,
551 858 592 904 ao
622 837 751 920 piorum
787 836 965 905 modestiae
991 840 1101 903 miuus
1154 836 1226 902 buit
1254 836 1396 915 Paulus,
1428 856 1529 919 quum
1559 835 1594 900 in
1623 833 1705 900 ulios
1736 836 1835 900 etism
1861 835 1971 900 carnis
1995 834 2137 902 silemus

120 929 397 1001 conmutaneum:
419 921 538 988 deinde
559 922 942 1006 stultiloquium,
965 943 1101 1007 quone·
1152 943 1217 988 nou
1239 922 1350 987 minus
1371 920 1555 1004 competat?
1592 920 1660 1002 Qut
1677 921 1784 1004 magis
1805 919 2021 987 avaritiahoc
2040 921 2136 1005 igno·

120 1012 210 1076 mine
228 1030 395 1076 sermones
409 1008 560 1093 intelligo
574 1008 626 1074 vel
644 1010 772 1094 ineptos
786 1029 824 1074 ac
837 1010 952 1076 inanes
967 1009 1102 1075 nullius·
1153 1006 1273 1073 minias
1294 1006 1390 1072 titulo
1412 1005 1558 1073 notanda
1579 1019 1630 1072 est
1662 1026 1760 1091 quam
1782 1006 1924 1085 ambitio,
1946 1025 2045 1089 quam
2062 1005 2134 1072 ina·

121 1116 185 1179 qus
218 1096 341 1181 frugis,
374 1094 427 1159 vel
460 1095 560 1161 stiam
597 1096 768 1178 profanos,
799 1104 835 1161 et
865 1116 926 1162 sua
953 1096 1101 1161 vanitate
1154 1094 1206 1158 nis
1226 1093 1279 1158 sui
1301 1091 1522 1159 confidentia?
1564 1092 1777 1176 Respondso:
1806 1093 1883 1176 quia
1909 1092 2043 1157 morbus
2070 1092 2135 1158 iste

121 1183 250 1248 noxios.
294 1181 399 1247 Porro
432 1181 589 1263 quonium
617 1180 761 1264 ineptiae
786 1182 949 1247 sermonis
976 1181 1100 1248 face·
1154 1179 1220 1245 late
1238 1188 1336 1262 patet,
1367 1190 1400 1244 et
1420 1178 1513 1261 qussi
1535 1198 1595 1244 sua
1608 1179 1801 1262 contagione
1819 1181 1956 1261 occupat
1977 1175 2136 1260 plurimo·

120 1269 253 1332 tisru
267 1287 300 1329 m
324 1276 358 1331 et
379 1264 501 1349 leporis
522 1273 696 1351 praetextu
716 1286 814 1350 saepe
835 1276 1006 1351 teguntur:
1028 1266 1102 1333 ideo
1154 1286 1226 1330 rum
1255 1267 1395 1330 animos:
1429 1283 1535 1347 usque
1564 1265 1697 1330 morbus
1718 1263 1889 1346 iudicatur,
1918 1263 1998 1348 quin
2024 1265 2136 1346 potius

124 1353 319 1418 nominatim
341 1353 570 1431 urbanitatem,
598 1371 681 1435 quae
710 1352 830 1435 alioqui
852 1352 985 1432 arridet,
1013 1355 1101 1420 acsi
1154 1350 1310 1416 landatur
1339 1351 1504 1415 communi
1526 1351 1693 1433 opinione:
1723 1350 1798 1416 ideo
1829 1347 1942 1415 durius
1971 1352 2133 1434 exagitari

120 1439 227 1505 virtus
259 1447 346 1504 esset
367 1438 465 1503 laude
488 1437 597 1522 digna,
629 1447 786 1521 tanquam
812 1438 1004 1520 stultiloquii
1026 1458 1101 1521 par·
1155 1436 1310 1519 aPaulo,
1343 1448 1380 1502 ut
1401 1437 1517 1502 falsam
1547 1437 1734 1521 opinionem
1764 1456 1806 1501 ex
1832 1435 1982 1502 cordibus
2012 1438 2135 1502 noetria

120 1536 188 1590 tam
221 1523 427 1590 condemnat.
471 1523 674 1589 Vocabulum
711 1543 865 1607 graecum
899 1523 1100 1608 εὐτραπελία,
1154 1522 1284 1588 evellat.

120 1609 209 1693 apud
231 1609 381 1675 ethnicos
402 1609 579 1695 scriptores
601 1610 637 1675 in
656 1610 775 1675 bonam
797 1618 921 1692 partem
943 1611 1103 1693 accipitur
1241 1609 1272 1674 6.
1308 1608 1409 1674 Nemo
1436 1627 1490 1674 vos
1516 1607 1660 1689 decipiat.
1711 1604 1849 1690 Semper
1878 1607 2009 1672 luerunt
2039 1606 2134 1690 impii

121 1716 182 1778 pro
204 1708 299 1762 acuta
328 1705 361 1760 et
383 1695 470 1762 salsa
491 1693 688 1775 urbanitate,
716 1694 844 1760 liberali
869 1696 1103 1779 ingeniosoqne
1155 1715 1263 1776 canas,
1291 1695 1346 1778 qui
1368 1695 1481 1760 sannis
1503 1694 1693 1776 exciperent
1715 1714 1753 1759 ae
1774 1694 1876 1759 baete
1893 1693 2040 1758 riderent
2060 1713 2134 1776 pro-

122 1783 256 1847 homine
285 1780 395 1865 digna.
439 1778 506 1846 Sed
529 1782 606 1864 qnia
628 1779 856 1847 difficillimum
886 1791 938 1847 est
960 1780 1102 1848 dicacem
1155 1780 1328 1862 phetarum
1361 1781 1484 1846 minas:
1522 1779 1633 1862 quales
1667 1778 1763 1844 bodie
1799 1800 1924 1862 quoque
1956 1778 2133 1845 cernimus.

120 1887 194 1932 esse
226 1867 307 1949 quin
341 1867 385 1933 sis
420 1867 518 1931 stiam
552 1865 704 1942 mordax,
738 1878 773 1932 et
804 1867 839 1931 in
870 1867 949 1949 ipsis
978 1868 1103 1933 facetiis
1156 1865 1253 1931 'Pales
1275 1867 1364 1931 enim
1388 1867 1549 1932 veneficos
1570 1865 1708 1931 saeculis
1724 1865 1874 1931 omnibus
1896 1863 2043 1929 diabolus
2057 1863 2134 1932 sub·

122 1951 283 2035 quaedam
323 1962 373 2017 est
410 1952 574 2017 affectatio
615 1953 730 2036 pietati
770 1952 905 2018 minime
943 1973 1103 2018 consona:
1156 1962 1262 2035 ornat,
1292 1952 1348 2034 qui
1370 1951 1449 2016 dum
1471 1951 1639 2035 sacrilegis
1660 1950 1804 2016 dicteriis
1832 1951 1970 2016 eludunt
1992 1950 2056 2015 Dei
2079 1950 2132 2016 iu·

121 2038 241 2103 merito
269 2037 310 2102 ab
339 2059 378 2104 ea
406 2058 466 2104 nos
490 2037 612 2103 Paulus
633 2049 776 2104 reveunt.
820 2038 867 2103 Et
891 2038 931 2104 de
951 2041 1104 2106 omnibns
1157 2038 1292 2117 dicium,
1323 2037 1538 2103 conscientias
1567 2055 1632 2102 uon
1660 2038 1739 2102 adso
1768 2036 1923 2102 fundatas
1947 2037 1980 2101 in
2014 2038 2135 2104 umore

122 2124 194 2190 istis
228 2124 326 2190 simul
356 2126 557 2208 pronuntiat,
587 2123 675 2207 quod
705 2143 771 2189 nou
794 2126 1008 2190 conveniant:
1042 2125 1103 2191 hoc
1156 2123 1219 2189 Dei
1253 2123 1347 2207 quasi
1379 2123 1510 2188 lascinia
1543 2122 1736 2205 quibusdam
1769 2125 1907 2206 sopiant.
1952 2123 2026 2190 Hoc
2058 2123 2133 2189 leva

123 2218 183 2289 est,
207 2210 292 2294 quod
311 2221 459 2295 pugnent
480 2231 554 2276 cum
577 2209 685 2276 olfioio
707 2209 980 2276 Christianorum.
1158 2209 1312 2275 delictum
1346 2224 1405 2289 est,
1439 2209 1602 2291 inquiunt,
1638 2209 1794 2275 scortatio
1836 2208 1930 2274 lusus
1961 2220 2011 2274 eet
2043 2207 2135 2276 Deo:

210 2297 240 2361 d
271 2295 332 2365 des
364 2297 467 2380 mapa
495 2296 612 2379 pratia
664 2295 732 2361 Alii
764 2295 891 2361 rudunt
922 2297 1104 2380 gratiarum
1157 2295 1248 2361 Deus
1269 2296 1330 2361 sub
1352 2295 1425 2379 lege
1446 2296 1572 2378 gratiae
1604 2315 1670 2360 non
1695 2304 1746 2360 est
1778 2308 1845 2358 tam
1878 2293 2032 2360 erudelis:
2064 2314 2134 2361 nou

125 2383 299 2448 actionem.
355 2381 441 2448 Mihi
484 2382 592 2466 placet
630 2381 828 2467 Hieronymi
866 2383 1102 2466 interpretatio.
1156 2381 1229 2446 ideo
1251 2401 1311 2446 nos
1333 2380 1432 2445 linxit
1460 2391 1497 2445 ut
1519 2382 1562 2446 sit
1582 2391 1693 2445 noster
1712 2380 1874 2446 carnilex:
1904 2390 2043 2445 naturae
2067 2382 2135 2447 ira·¹

124 2467 248 2535 Debuit
269 2469 355 2533 enim
372 2467 498 2533 Paulus
517 2467 738 2550 superioribus
760 2467 849 2534 vitiis
871 2468 1023 2552 generale
1042 2468 1103 2533 ali·
1155 2465 1266 2548 pilitus
1288 2486 1348 2532 nos
1369 2475 1512 2532 excusat
1547 2467 1591 2532 Et
1612 2466 1741 2532 similia.
1778 2467 1831 2530 Ex
1854 2464 1991 2532 adverso
2011 2465 2134 2541 clamat

122 2555 201 2635 quid
232 2574 406 2638 opponere,
428 2551 514 2637 quod
544 2554 580 2617 in
599 2553 803 2619 sermonibus
821 2555 943 2620 nostris
969 2555 1103 2620 eluceat.
1157 2552 1291 2632 Paulus,
1311 2552 1472 2618 cavendas
1495 2573 1565 2619 esse
1587 2552 1744 2618 eiusmodi
1767 2552 1910 2618 fallacias
1927 2552 2043 2636 quibus
2060 2553 2135 2621 illa·

122 2640 208 2707 Nam
232 2641 259 2704 si
283 2639 431 2706 dixisset:
462 2641 588 2704 interea
616 2639 692 2703 dum
721 2638 768 2703 illi
798 2639 923 2705 frivolis
953 2641 1050 2724 nugis
1071 2649 1106 2705 et
1156 2646 1320 2720 queantur
1340 2639 1374 2703 in
1397 2638 1534 2703 exitium
1556 2639 1783 2705 conscientiae.

123 2725 320 2793 scurrilitate
342 2745 379 2790 se
399 2724 573 2803 oblectant,
594 2745 654 2789 vos
669 2726 756 2809 agite
779 2727 901 2807 gratias
916 2725 1004 2791 Deo:
1024 2727 1103 2791 luis·
1242 2723 1378 2807 Propter
1398 2723 1472 2789 baec
1493 2725 1584 2789 caim.
1628 2723 1668 2790 Si
1693 2745 1847 2807 praesens
1874 2733 2013 2807 tempus,
2041 2745 2155 2790 more>

124 2824 173 2877 set
203 2812 301 2876 nimie
329 2812 526 2877 restrictum.
571 2810 704 2875 Patitur
733 2821 842 2876 autam
871 2831 1024 2895 graecum
1046 2832 1103 2876 vo-
1157 2810 1319 2889 hebraico,
1341 2831 1400 2894 per
1421 2811 1568 2875 futurum
1590 2831 1747 2893 exponas,
1769 2811 1831 2875 erit
1852 2811 2063 2875 comminatio
2086 2810 2136 2876 ul·

121 2896 275 2962 cabulnm
294 2895 489 2982 εὐχαριστία,
511 2905 549 2962 ut
570 2916 631 2962 nos
652 2897 792 2980 gratiam
807 2906 984 2962 vertamus.
1021 2895 1105 2963 Seu·
1157 2897 1230 2960 timi
1251 2895 1372 2962 iudicii.
1417 2895 1485 2961 Sed
1506 2916 1567 2981 ago
1599 2897 1640 2961 iis
1671 2903 1841 2978 assentior,
1874 2896 1929 2978 qui
1961 2895 2135 2962 indefinite

123 3003 179 3046 sus
201 2994 311 3048 autem
335 2988 408 3062 erit,
438 3003 604 3050 sermones
633 2995 764 3049 nostros
787 3003 864 3047 vera
885 2984 1049 3049 suavitate
1070 2992 1105 3048 et
1157 2981 1321 3064 accipiunt
1363 2983 1473 3047 veuit
1509 3002 1569 3064 pro
1602 2983 1713 3056 venire
1746 2983 1837 3061 solet,
1882 2995 1919 3047 ut
1951 3001 2136 3049 commone-

123 3069 230 3151 gratia
251 3070 397 3150 perimes
419 3089 490 3135 esse
512 3067 646 3133 debere:
669 3069 756 3150 quod
775 3069 832 3134 fiet
854 3069 881 3134 ei
897 3068 1105 3135 miscebimus
1158 3069 1255 3134 laoiat
1277 3087 1333 3133 eos
1356 3068 1396 3132 de
1417 3069 1592 3134 ordinariis
1614 3069 1677 3133 Dei
1698 3067 1837 3151 iudiciis,
1860 3087 2000 3151 quorum
2022 3088 2136 3135 exem-

121 3152 204 3221 ntile
225 3153 320 3231 dulei.
1158 3154 1212 3237 pla
1234 3164 1311 3219 sunt
1334 3164 1410 3218 ante
1439 3153 1556 3220 oculos.
1601 3155 1647 3218 Et
1675 3174 1754 3219 sane
1780 3155 1844 3221 nisi
1870 3155 1958 3220 caeci
1986 3175 2137 3221 essemus

210 3239 240 3306 5.
275 3239 344 3306 Hoc
372 3241 455 3307 eain
481 3240 578 3306 scitia
623 3238 674 3304 Ne
701 3239 868 3322 vitiorum,
893 3260 976 3322 quae
999 3259 1106 3322 repre-
1158 3260 1195 3305 ac
1234 3240 1403 3320 socordes,
1443 3241 1534 3306 Deus
1573 3243 1653 3306 satis
1691 3241 1914 3321 frequentibus
1954 3260 2135 3322 poenarum

124 3325 424 3405 heudit,illecebris
438 3327 575 3391 inescati
592 3326 769 3391 oscitanter
789 3324 841 3391 vel
858 3327 966 3390 minue
981 3334 1107 3391 attente
1158 3326 1315 3408 exemplis
1338 3339 1487 3404 testatur,
1520 3347 1556 3391 se
1585 3327 1708 3390 iustum
1731 3347 1802 3391 esse
1830 3327 1947 3391 horum
1970 3325 2135 3392 malornm

123 3431 200 3478 suas
223 3411 460 3478 admonitiones
481 3413 661 3494 excipiant:
684 3412 776 3494 gravi
799 3421 832 3475 et
854 3432 968 3477 severa
983 3412 1107 3477 denun·
1158 3413 1335 3477 vindicem:
1369 3412 1467 3494 idque
1497 3423 1563 3476 tam
1588 3413 1742 3493 privatim
1776 3412 2065 3477 animadvertendo
2098 3413 2136 3476 in

124 3499 260 3562 tiatione
281 3518 338 3562 eoa
361 3509 471 3574 terret,
494 3497 580 3579 quod
598 3495 656 3561 illa
678 3497 759 3563 vitis
778 3517 917 3580 regnum
934 3498 995 3561 Dei
1015 3500 1107 3564 nobis
1157 3497 1304 3580 singulos
1327 3499 1484 3576 homiues,
1507 3519 1601 3580 quam
1622 3498 1749 3580 publice
1772 3499 1854 3562 iram
1869 3519 1964 3564 suam
1982 3499 2016 3563 in
2035 3498 2138 3562 urbes

124 3583 287 3647 claudant.
324 3583 395 3647 Iam
418 3604 497 3648 vero
517 3603 621 3666 quum
643 3582 773 3647 illorum
796 3583 1027 3648 conscientiam
1052 3605 1106 3665 ap·
1157 3598 1189 3648 et
1211 3604 1313 3666 regua
1339 3594 1371 3647 et
1393 3585 1533 3666 populos
1558 3585 1747 3650 exserendo.
1792 3584 1854 3649 Est
1880 3591 1989 3648 summ
2018 3593 2137 3648 notan·

125 3667 235 3751 pellat,
261 3670 425 3752 significat
453 3668 494 3734 de
516 3688 552 3733 re
574 3667 710 3735 minime
737 3667 834 3734 dubis
860 3689 896 3733 sa
924 3669 1023 3750 loqui.
1069 3668 1106 3736 Si
1157 3669 1234 3732 dum
1253 3669 1338 3751 quod
1358 3670 1453 3734 dicit:
1475 3669 1681 3735 adversus
1705 3671 1967 3752 incredulos,
1989 3676 2046 3734 aut
2067 3688 2135 3734 re·

125 3756 178 3819 cui
201 3755 319 3820 durum
349 3756 381 3819 id
412 3753 544 3819 videtur
569 3773 651 3830 esse,
679 3758 714 3820 et
735 3753 798 3820 Dei
826 3755 961 3820 bonitati
988 3754 1105 3822 adver·
1158 3753 1299 3819 belles.
1342 3755 1426 3819 Nam
1449 3759 1526 3838 quia
1548 3755 1660 3821 fideles
1682 3755 1869 3840 alloquitur,
1898 3777 1964 3820 non
1985 3765 2053 3820 tam
2076 3773 2135 3820 eos

125 3861 209 3919 sum,
232 3839 374 3906 abdicari
392 3861 505 3906 omnes
527 3839 730 3907 haereditate
745 3840 837 3925 regni
852 3840 1027 3917 coelorum,
1050 3841 1105 3923 qui
1158 3840 1229 3904 vult
1252 3854 1375 3905 terrere
1396 3844 1534 3925 propriis
1557 3841 1720 3924 perieulis,
1753 3863 1850 3924 qnam
1873 3842 2134 3925 expergefacere,

126 3927 177 3990 vel
208 3927 425 4003 scortationis,
456 3925 507 3990 vel
537 3926 694 3991 avaritiae
721 3926 816 4008 culpa
848 3927 916 3992 sint
946 3928 1105 3993 contacti:
1158 3942 1194 3989 ut
1228 3926 1392 3991 horrenda
1413 3927 1477 3992 Dei
1509 3927 1629 3993 iudicia
1660 3929 1694 3991 in
1728 3928 1874 4009 reprobis
1907 3942 2063 4010 tanquam
2096 3927 2133 3991 in

126 4013 229 4078 lucilia
251 4022 302 4078 est
316 4012 510 4112 responsio:
543 4012 726 4111 apostolum
752 4012 884 4110 reniam
912 4012 1013 4096 lapsis
1039 4033 1103 4078 non
1156 4011 1305 4112 speculis.
1330 4014 1543 4095 contemplari
1578 4014 1713 4079 discant.
1768 4014 1882 4097 Neque
1918 4015 2006 4079 enim
2038 4011 2135 4112 Deua

126 4118 324 4249 :fideli
348 4097 960 4249 ’ἒὲὶῗθῧὲἱὶηῗὴῗοῗέὲῗιζὶ13ἓί111
975 4108 1104 4264 :litt
1155 4096 1762 4268 illpristaldis.salsi,
1775 4099 2135 4252 tltllllldld:

126 4288 204 4334 mox
226 4268 374 4354 adiungit
395 4267 439 4354 (1.
464 4267 538 4334 (lor.
562 4269 593 4351 6,
618 4267 689 4355 11):
719 4269 763 4334 lit
785 4288 843 4334 vos
869 4269 1001 4352 quidem
1026 4272 1105 4336 haec
1156 4269 1330 4347 concludit,
1362 4293 1402 4335 ne
1431 4293 1466 4336 se
1488 4272 1667 4353 perniciosa
1692 4272 1867 4354 impiorum
1895 4272 2051 4337 societate
2072 4271 2134 4335 im·
2221 4277 2226 4281 '

126 4355 244 4433 fuistis,
270 4355 326 4419 sed
350 4376 438 4420 nnnc
459 4354 624 4421 iustificati
647 4355 734 4434 estis,
760 4366 821 4420 ete.
865 4356 950 4421 Nam
978 4357 1033 4421 ubi
1056 4367 1105 4422 est
1157 4355 1286 4437 plicent,
1308 4376 1445 4438 quorum
1469 4358 1661 4439 praevident
1683 4358 1780 4421 talem
1803 4359 1939 4423 exitum.

126 4441 339 4522 poenitentia,
369 4461 471 4523 quum
497 4441 541 4505 sit
567 4439 637 4506 illio
658 4441 756 4505 etism
779 4442 999 4506 reconciliatio
1028 4462 1103 4508 oum

129 4527 208 4610 Deo,
231 4526 385 4593 desinunt
399 4547 470 4592 esse
487 4526 639 4591 homines
653 4524 738 4608 quod
753 4526 892 4593 fuerant.
930 4526 1103 4593 Caeterum
1241 4525 1272 4592 8.
1295 4526 1409 4594 Erotis
1428 4527 1598 4611 aliquando
1618 4529 1774 4594 oeaebram
1794 4548 1877 4594 cane
1895 4534 1998 4595 caten
2016 4529 2077 4594 laec
2095 4529 2134 4595 in

125 4612 181 4693 qui
205 4613 255 4679 vel
284 4620 480 4680 scortatores
508 4622 596 4693 sunt,
629 4610 683 4678 vel
716 4612 885 4691 immundi,
919 4612 969 4677 vel
1003 4615 1104 4691 avari,
1156 4613 1307 4693 Domino,
1335 4619 1488 4696 tanquam
1514 4614 1578 4696 filii
1609 4616 1691 4681 lucie
1717 4615 1890 4681 ambulate:
1932 4615 1962 4679 9.
1995 4613 2135 4701 (fractas

126 4700 282 4782 quamdiu
311 4699 395 4767 tales
416 4709 503 4777 sunt,
536 4698 621 4765 nihil
646 4697 709 4764 sibi
736 4718 907 4763 commune
935 4719 1009 4763 cum
1034 4700 1105 4764 Deo
1156 4701 1239 4765 enim
1261 4699 1342 4766 lacis
1369 4701 1406 4765 irs
1430 4702 1515 4766 omni
1536 4702 1678 4783 bociam,
1710 4703 1892 4783 eliustitiq
1922 4700 2135 4787 dveritateq

126 4803 199 4851 esse
219 4785 337 4853 sciant:
365 4795 400 4852 et
421 4805 552 4851 omnem
575 4784 693 4852 salutis
712 4803 803 4866 spem
826 4782 887 4849 sibi
910 4784 1104 4868 ademptam.
1156 4785 1206 4852 10.
1234 4785 1402 4866 musaea
1432 4788 1509 4869 quid
1539 4789 1583 4854 ait
1612 4793 1768 4869 acceptam
1797 4788 1875 4856 Deo.
1932 4787 1982 4853 11.
2016 4785 2062 4853 Et
2091 4804 2134 4853 ste

126 4867 321 4954 Regnum
343 4869 422 4936 Dei
451 4880 493 4936 et
517 4869 674 4937 Obristi
697 4869 796 4933 dixit:
825 4871 902 4952 quia
925 4870 1016 4936 Deus
1039 4871 1106 4937 filio
1155 4873 1386 4939 communicetis
1413 4874 1559 4956 operibus
1579 4874 1786 4955 infmctucsis
1813 4875 2025 4942 tenebramm:
2052 4874 2134 4957 qaia

127 4955 355 5036 suotradidit,
377 4964 494 5039 utpsr
515 4957 623 5039 ipsum
646 4974 707 5021 nos
729 4954 954 5036 adipiscamur.
1149 4960 1260 5039 poliac
1287 4960 1381 5025 etium
1406 4960 1593 5044 redarpaite.
1644 4959 1694 5025 lt.
1721 4960 1809 5042 Quae
1834 4962 1917 5027 mim
1943 4959 2023 5025 dom
2048 4959 2135 5042 liant

211 5040 352 5122 Aoum,
382 5043 439 5125 qai
470 5046 515 5109 est
545 5041 720 5108 idololatra.
769 5041 854 5106 Nam
888 5042 1034 5120 avaritia.
1067 5049 1105 5109 ut
1155 5045 1194 5109 ab
1216 5044 1292 5122 illis,
1314 5051 1404 5127 turpe
1425 5052 1471 5112 cst
1490 5047 1537 5112 ael
1556 5046 1668 5112 dicere.
1715 5047 1765 5114 13.
1791 5046 1907 5113 Omnia
1928 5050 2033 5112 uates
2053 5047 2134 5113 aas·

128 5125 207 5205 alibi
234 5127 360 5215 (Galat.
382 5128 412 5207 5,
435 5127 488 5206 20,
512 5128 540 5194 1.
564 5126 641 5202 Oor.
665 5127 696 5211 6,
718 5126 753 5210 9)
786 5127 903 5210 inquit¹
945 5128 1103 5195 idolorum
1155 5136 1377 5214 coaequantur,
1409 5153 1431 5198 o
1452 5133 1519 5199 luce
1539 5132 1797 5212 manifestantur:
1829 5153 1917 5200 omae
1944 5134 2027 5199 enim
2048 5131 2136 5214 qaod

128 5210 238 5285 ultus
262 5225 328 5281 est:
357 5233 423 5280 uon
454 5212 509 5279 ille
537 5214 593 5298 qui
619 5221 698 5279 tam.
717 5215 904 5298 frequenter
930 5212 1105 5281 damnatur
1155 5217 1346 5298 manifestat,
1368 5219 1425 5283 lua
1447 5224 1500 5284 est.
1546 5219 1595 5284 14.
1621 5217 1825 5299 ραωηοὸνακ
1845 5220 1937 5285 deit.-
1960 5218 2136 5302 sepeque

136 5300 173 5369 h
190 5298 363 5383 scriptura,
385 5298 442 5365 sed
464 5299 599 5365 alterius
620 5299 761 5384 generis.
798 5296 938 5365 Necesse
955 5300 1043 5365 enirn
1066 5304 1116 5366 est
1156 5303 1326 5383 dormiqet
1346 5324 1476 5390 matres
1493 5326 1531 5372 aa
1545 5306 1684 5387 meleis,
1699 5310 1727 5370 et
1740 5305 1964 5374 alescendi
1975 5303 2136 5372 mesco.
